timestamp,type,price,qty,side
2025-10-15 00:00:00,TRADE,100.00401263823711,2,buy
2025-10-15 00:00:01,TRADE,99.99468110131002,1,sell
2025-10-15 00:00:02,TRADE,100.00098451820264,0,sell
2025-10-15 00:00:03,TRADE,100.00054540408104,1,buy
2025-10-15 00:00:04,TRADE,99.99978111870928,1,buy
2025-10-15 00:00:05,TRADE,100.00207914839758,3,buy
2025-10-15 00:00:06,TRADE,99.979719496093,0,sell
2025-10-15 00:00:07,TRADE,99.98018806887744,1,buy
2025-10-15 00:00:08,TRADE,99.97355859362423,0,sell
2025-10-15 00:00:09,TRADE,99.9650329213169,2,buy
2025-10-15 00:00:10,TRADE,99.96607402732482,2,buy
2025-10-15 00:00:11,TRADE,99.97815490431728,2,sell
2025-10-15 00:00:12,TRADE,99.9890792864394,1,buy
2025-10-15 00:00:13,TRADE,100.00267280268591,2,sell
2025-10-15 00:00:14,TRADE,99.99999706968504,1,buy
2025-10-15 00:00:15,TRADE,99.99130171174625,0,buy
2025-10-15 00:00:16,TRADE,99.99269017338689,3,buy
2025-10-15 00:00:17,TRADE,100.00414445668031,2,buy
2025-10-15 00:00:18,TRADE,99.99444183600258,3,sell
2025-10-15 00:00:19,TRADE,99.99744443284975,0,buy
2025-10-15 00:00:20,TRADE,100.00707858818126,2,sell
2025-10-15 00:00:21,TRADE,100.00114652203871,6,sell
2025-10-15 00:00:22,TRADE,100.00694811421388,1,buy
2025-10-15 00:00:23,TRADE,100.01185888701099,0,buy
2025-10-15 00:00:24,TRADE,99.99798807481733,0,sell
2025-10-15 00:00:25,TRADE,99.99792152992643,2,sell
2025-10-15 00:00:26,TRADE,99.99906447578627,2,buy
2025-10-15 00:00:27,TRADE,99.98472307906587,3,sell
2025-10-15 00:00:28,TRADE,99.99465048439362,0,buy
2025-10-15 00:00:29,TRADE,99.98973593291443,1,sell
2025-10-15 00:00:30,TRADE,99.99253765302446,2,sell
2025-10-15 00:00:31,TRADE,99.99247640638953,0,sell
2025-10-15 00:00:32,TRADE,99.99979148534142,2,sell
2025-10-15 00:00:33,TRADE,100.0079156963885,1,buy
2025-10-15 00:00:34,TRADE,100.00590131631233,1,buy
2025-10-15 00:00:35,TRADE,100.00096426111172,0,sell
2025-10-15 00:00:36,TRADE,100.01573603522809,0,buy
2025-10-15 00:00:37,TRADE,100.00869455368927,0,sell
2025-10-15 00:00:38,TRADE,100.01655265025107,0,buy
2025-10-15 00:00:39,TRADE,100.01722161475772,0,sell
2025-10-15 00:00:40,TRADE,100.00230629772686,3,sell
2025-10-15 00:00:41,TRADE,100.00610980711606,1,buy
2025-10-15 00:00:42,TRADE,100.01530608308244,2,buy
2025-10-15 00:00:43,TRADE,99.99623974857595,1,sell
2025-10-15 00:00:44,TRADE,100.01472904944458,2,sell
2025-10-15 00:00:45,TRADE,100.01665422046804,1,sell
2025-10-15 00:00:46,TRADE,99.99076830208801,2,sell
2025-10-15 00:00:47,TRADE,99.99466974525807,0,sell
2025-10-15 00:00:48,TRADE,99.99441089512716,1,buy
2025-10-15 00:00:49,TRADE,99.99349628004204,4,buy
2025-10-15 00:00:50,TRADE,99.99965244757483,1,buy
2025-10-15 00:00:51,TRADE,100.0015244407225,2,buy
2025-10-15 00:00:52,TRADE,100.00436766919614,5,sell
2025-10-15 00:00:53,TRADE,99.99773161593751,0,sell
2025-10-15 00:00:54,TRADE,99.98100603182174,1,buy
2025-10-15 00:00:55,TRADE,99.99192542676452,3,sell
2025-10-15 00:00:56,TRADE,100.00138357898417,0,sell
2025-10-15 00:00:57,TRADE,100.00645314794401,2,buy
2025-10-15 00:00:58,TRADE,99.99794604700541,0,sell
2025-10-15 00:00:59,TRADE,100.00521570760347,3,sell
2025-10-15 00:01:00,TRADE,99.99980659541542,2,buy
2025-10-15 00:01:01,TRADE,99.99397909987609,1,buy
2025-10-15 00:01:02,TRADE,100.00225252260996,1,sell
2025-10-15 00:01:03,TRADE,99.99274051454249,1,buy
2025-10-15 00:01:04,TRADE,100.0013928311324,0,buy
2025-10-15 00:01:05,TRADE,100.00051581294962,3,buy
2025-10-15 00:01:06,TRADE,99.98826699039381,2,sell
2025-10-15 00:01:07,TRADE,99.99481907906542,1,buy
2025-10-15 00:01:08,TRADE,100.00368570431041,1,buy
2025-10-15 00:01:09,TRADE,99.99959138983482,3,sell
2025-10-15 00:01:10,TRADE,100.006324457668,1,sell
2025-10-15 00:01:11,TRADE,99.99219726968677,1,buy
2025-10-15 00:01:12,TRADE,99.99599200727481,0,sell
2025-10-15 00:01:13,TRADE,100.00391031082026,3,buy
2025-10-15 00:01:14,TRADE,99.99684671189333,1,sell
2025-10-15 00:01:15,TRADE,99.99135688904435,0,buy
2025-10-15 00:01:16,TRADE,99.99565469812939,1,sell
2025-10-15 00:01:17,TRADE,99.9905861981849,2,buy
2025-10-15 00:01:18,TRADE,99.98545020401868,3,buy
2025-10-15 00:01:19,TRADE,99.98415632708941,2,sell
2025-10-15 00:01:20,TRADE,99.97726734609122,2,sell
2025-10-15 00:01:21,TRADE,99.98212505145378,1,sell
2025-10-15 00:01:22,TRADE,99.9898169634425,1,sell
2025-10-15 00:01:23,TRADE,99.97628402560106,1,sell
2025-10-15 00:01:24,TRADE,99.98246530384277,3,sell
2025-10-15 00:01:25,TRADE,99.98201266863869,4,buy
2025-10-15 00:01:26,TRADE,99.987559681473,0,buy
2025-10-15 00:01:27,TRADE,99.97326326653803,1,buy
2025-10-15 00:01:28,TRADE,99.980880568968,3,sell
2025-10-15 00:01:29,TRADE,99.98031959463574,1,sell
2025-10-15 00:01:30,TRADE,99.99353587712167,3,sell
2025-10-15 00:01:31,TRADE,99.99705081499407,0,sell
2025-10-15 00:01:32,TRADE,99.99083140392248,1,sell
2025-10-15 00:01:33,TRADE,99.99683478144492,0,sell
2025-10-15 00:01:34,TRADE,99.9950325053168,1,buy
2025-10-15 00:01:35,TRADE,99.9855753364338,4,sell
2025-10-15 00:01:36,TRADE,99.9898979446615,1,sell
2025-10-15 00:01:37,TRADE,99.98378531614388,1,buy
2025-10-15 00:01:38,TRADE,99.97633591692885,1,buy
2025-10-15 00:01:39,TRADE,99.96771829086337,0,buy
2025-10-15 00:01:40,TRADE,99.98817626328139,2,buy
2025-10-15 00:01:41,TRADE,99.98677026771446,1,sell
2025-10-15 00:01:42,TRADE,99.9763861410269,0,sell
2025-10-15 00:01:43,TRADE,99.97212850515724,3,buy
2025-10-15 00:01:44,TRADE,99.96814772509506,2,sell
2025-10-15 00:01:45,TRADE,99.97860215370007,1,buy
2025-10-15 00:01:46,TRADE,99.975403813943,0,sell
2025-10-15 00:01:47,TRADE,99.97706268493621,0,sell
2025-10-15 00:01:48,TRADE,99.98429226431932,1,buy
2025-10-15 00:01:49,TRADE,99.9784204092341,1,sell
2025-10-15 00:01:50,TRADE,99.9724861528259,0,sell
2025-10-15 00:01:51,TRADE,99.96532180344748,1,buy
2025-10-15 00:01:52,TRADE,99.96942997608768,2,sell
2025-10-15 00:01:53,TRADE,99.95847304725105,2,buy
2025-10-15 00:01:54,TRADE,99.96838628047789,1,buy
2025-10-15 00:01:55,TRADE,99.96023766521257,4,sell
2025-10-15 00:01:56,TRADE,99.97395762773985,5,sell
2025-10-15 00:01:57,TRADE,99.96786917798335,0,buy
2025-10-15 00:01:58,TRADE,99.96051464970488,2,sell
2025-10-15 00:01:59,TRADE,99.96025925373999,1,sell
2025-10-15 00:02:00,TRADE,99.95405352389841,0,sell
2025-10-15 00:02:01,TRADE,99.96141444435109,0,buy
2025-10-15 00:02:02,TRADE,99.94824901562792,2,sell
2025-10-15 00:02:03,TRADE,99.9504976146514,2,buy
2025-10-15 00:02:04,TRADE,99.94609880561318,0,sell
2025-10-15 00:02:05,TRADE,99.94512631080912,0,buy
2025-10-15 00:02:06,TRADE,99.95767946531733,2,sell
2025-10-15 00:02:07,TRADE,99.94727946908611,0,buy
2025-10-15 00:02:08,TRADE,99.95409978071925,1,buy
2025-10-15 00:02:09,TRADE,99.94765354161133,3,buy
2025-10-15 00:02:10,TRADE,99.95313116330524,1,buy
2025-10-15 00:02:11,TRADE,99.94430936523224,4,buy
2025-10-15 00:02:12,TRADE,99.96286993896307,2,sell
2025-10-15 00:02:13,TRADE,99.96666216437065,2,sell
2025-10-15 00:02:14,TRADE,99.9587682232692,1,buy
2025-10-15 00:02:15,TRADE,99.96102268445247,0,buy
2025-10-15 00:02:16,TRADE,99.97851538853774,1,sell
2025-10-15 00:02:17,TRADE,99.98074661534346,4,sell
2025-10-15 00:02:18,TRADE,99.97009298013005,1,sell
2025-10-15 00:02:19,TRADE,99.98428398890348,0,sell
2025-10-15 00:02:20,TRADE,99.976319858224,0,sell
2025-10-15 00:02:21,TRADE,100.00112088219473,1,buy
2025-10-15 00:02:22,TRADE,99.98703732025767,1,sell
2025-10-15 00:02:23,TRADE,99.9922782642147,2,sell
2025-10-15 00:02:24,TRADE,99.99811769456858,2,buy
2025-10-15 00:02:25,TRADE,100.01155464973114,2,buy
2025-10-15 00:02:26,TRADE,99.98866617787205,1,sell
2025-10-15 00:02:27,TRADE,100.0011192351095,0,buy
2025-10-15 00:02:28,TRADE,99.99921122648796,1,buy
2025-10-15 00:02:29,TRADE,99.99337130853849,2,buy
2025-10-15 00:02:30,TRADE,99.99659276843289,1,buy
2025-10-15 00:02:31,TRADE,99.99896488780074,1,buy
2025-10-15 00:02:32,TRADE,100.00532101422692,2,buy
2025-10-15 00:02:33,TRADE,100.00729246703625,0,sell
2025-10-15 00:02:34,TRADE,99.99943214199386,3,buy
2025-10-15 00:02:35,TRADE,100.0058861383006,4,sell
2025-10-15 00:02:36,TRADE,100.01150957105129,3,buy
2025-10-15 00:02:37,TRADE,100.00694623422807,1,sell
2025-10-15 00:02:38,TRADE,100.00111612774188,1,sell
2025-10-15 00:02:39,TRADE,99.99854361079178,1,sell
2025-10-15 00:02:40,TRADE,100.00224367608584,0,sell
2025-10-15 00:02:41,TRADE,100.00123244802198,1,buy
2025-10-15 00:02:42,TRADE,99.99594323488303,4,sell
2025-10-15 00:02:43,TRADE,100.01035316981906,2,buy
2025-10-15 00:02:44,TRADE,99.99587777314684,0,buy
2025-10-15 00:02:45,TRADE,100.00011763974103,4,sell
2025-10-15 00:02:46,TRADE,100.00458989505411,2,buy
2025-10-15 00:02:47,TRADE,100.00632835627817,0,buy
2025-10-15 00:02:48,TRADE,99.99857506123271,3,buy
2025-10-15 00:02:49,TRADE,99.99737236091812,0,sell
2025-10-15 00:02:50,TRADE,99.9879523313889,0,buy
2025-10-15 00:02:51,TRADE,99.99239540230842,0,buy
2025-10-15 00:02:52,TRADE,99.97573266015596,2,sell
2025-10-15 00:02:53,TRADE,99.97641735527579,0,buy
2025-10-15 00:02:54,TRADE,99.99315903257072,2,buy
2025-10-15 00:02:55,TRADE,99.98466453730495,0,buy
2025-10-15 00:02:56,TRADE,99.98921605009915,1,buy
2025-10-15 00:02:57,TRADE,99.97395973593036,4,sell
2025-10-15 00:02:58,TRADE,99.97865470905403,1,sell
2025-10-15 00:02:59,TRADE,99.97473027732504,2,sell
2025-10-15 00:03:00,TRADE,99.9861749000066,3,sell
2025-10-15 00:03:01,TRADE,99.98344401356489,2,sell
2025-10-15 00:03:02,TRADE,99.98574061061962,1,buy
2025-10-15 00:03:03,TRADE,99.97734134580841,2,buy
2025-10-15 00:03:04,TRADE,99.98779352479401,1,buy
2025-10-15 00:03:05,TRADE,99.98849505610069,2,sell
2025-10-15 00:03:06,TRADE,99.97925500147433,5,buy
2025-10-15 00:03:07,TRADE,99.97904316745704,3,sell
2025-10-15 00:03:08,TRADE,99.9739915378059,2,buy
2025-10-15 00:03:09,TRADE,99.97049346141699,1,buy
2025-10-15 00:03:10,TRADE,99.96079899722754,0,buy
2025-10-15 00:03:11,TRADE,99.96172613512249,0,sell
2025-10-15 00:03:12,TRADE,99.97378865358542,0,sell
2025-10-15 00:03:13,TRADE,99.98133148832,1,sell
2025-10-15 00:03:14,TRADE,99.9675978136068,0,sell
2025-10-15 00:03:15,TRADE,99.97721184552029,0,sell
2025-10-15 00:03:16,TRADE,99.97211680142807,0,buy
2025-10-15 00:03:17,TRADE,99.9658579703303,1,buy
2025-10-15 00:03:18,TRADE,99.96898468323513,0,sell
2025-10-15 00:03:19,TRADE,99.98704393395603,5,sell
2025-10-15 00:03:20,TRADE,99.9753968930816,1,sell
2025-10-15 00:03:21,TRADE,99.9779045008508,1,sell
2025-10-15 00:03:22,TRADE,99.97935420145416,1,buy
2025-10-15 00:03:23,TRADE,99.97155838203176,0,sell
2025-10-15 00:03:24,TRADE,99.97811786358115,2,buy
2025-10-15 00:03:25,TRADE,99.9773792595463,5,buy
2025-10-15 00:03:26,TRADE,99.97213498394707,1,buy
2025-10-15 00:03:27,TRADE,99.98756096120158,5,buy
2025-10-15 00:03:28,TRADE,99.98151270830435,2,sell
2025-10-15 00:03:29,TRADE,99.99365292657153,0,buy
2025-10-15 00:03:30,TRADE,99.98156636515607,4,buy
2025-10-15 00:03:31,TRADE,99.96513616878761,5,buy
2025-10-15 00:03:32,TRADE,99.95884787888407,1,sell
2025-10-15 00:03:33,TRADE,99.96575304221575,3,buy
2025-10-15 00:03:34,TRADE,99.96514922308536,2,buy
2025-10-15 00:03:35,TRADE,99.97845838747607,3,buy
2025-10-15 00:03:36,TRADE,99.97756267341856,1,sell
2025-10-15 00:03:37,TRADE,99.9754667352055,1,buy
2025-10-15 00:03:38,TRADE,99.97408289304205,2,sell
2025-10-15 00:03:39,TRADE,99.97107249409308,0,buy
2025-10-15 00:03:40,TRADE,99.97699707383835,1,sell
2025-10-15 00:03:41,TRADE,99.98437095284406,2,sell
2025-10-15 00:03:42,TRADE,99.97974892007623,0,sell
2025-10-15 00:03:43,TRADE,99.98639735708498,1,buy
2025-10-15 00:03:44,TRADE,99.9826506444891,0,sell
2025-10-15 00:03:45,TRADE,99.99458573169963,0,sell
2025-10-15 00:03:46,TRADE,99.99211189119714,2,buy
2025-10-15 00:03:47,TRADE,99.99856491494991,0,buy
2025-10-15 00:03:48,TRADE,99.99073735076014,0,sell
2025-10-15 00:03:49,TRADE,99.9885336068639,4,sell
2025-10-15 00:03:50,TRADE,99.9890085866955,1,sell
2025-10-15 00:03:51,TRADE,99.98324694409995,1,buy
2025-10-15 00:03:52,TRADE,99.9947270036298,0,buy
2025-10-15 00:03:53,TRADE,99.99357316263819,0,buy
2025-10-15 00:03:54,TRADE,100.0021955510858,2,buy
2025-10-15 00:03:55,TRADE,100.00029551905362,1,buy
2025-10-15 00:03:56,TRADE,100.00833670158801,5,buy
2025-10-15 00:03:57,TRADE,99.98812020715849,1,buy
2025-10-15 00:03:58,TRADE,99.97798308000613,1,sell
2025-10-15 00:03:59,TRADE,99.98184451555382,1,sell
2025-10-15 00:04:00,TRADE,99.98888560250889,3,sell
2025-10-15 00:04:01,TRADE,99.98964657437715,1,buy
2025-10-15 00:04:02,TRADE,99.98681034759201,4,buy
2025-10-15 00:04:03,TRADE,99.99802354529663,2,buy
2025-10-15 00:04:04,TRADE,100.00287736296924,1,buy
2025-10-15 00:04:05,TRADE,100.00430784388215,0,sell
2025-10-15 00:04:06,TRADE,100.00194080037794,2,buy
2025-10-15 00:04:07,TRADE,100.00940305848756,3,buy
2025-10-15 00:04:08,TRADE,100.00141492427963,1,buy
2025-10-15 00:04:09,TRADE,100.00538270797465,3,sell
2025-10-15 00:04:10,TRADE,99.99989138589896,2,buy
2025-10-15 00:04:11,TRADE,100.00320071954681,2,buy
2025-10-15 00:04:12,TRADE,99.99506955548432,0,sell
2025-10-15 00:04:13,TRADE,99.99525602156905,3,buy
2025-10-15 00:04:14,TRADE,99.99857848644969,2,buy
2025-10-15 00:04:15,TRADE,99.9800451877556,2,sell
2025-10-15 00:04:16,TRADE,99.99650166771565,2,sell
2025-10-15 00:04:17,TRADE,99.97843359096244,2,sell
2025-10-15 00:04:18,TRADE,99.9845325246186,2,sell
2025-10-15 00:04:19,TRADE,99.98627659678627,1,sell
2025-10-15 00:04:20,TRADE,99.99805718986275,4,sell
2025-10-15 00:04:21,TRADE,99.98839386562446,1,buy
2025-10-15 00:04:22,TRADE,99.99265048625328,0,sell
2025-10-15 00:04:23,TRADE,99.99600895314599,2,buy
2025-10-15 00:04:24,TRADE,99.99637613402336,1,sell
2025-10-15 00:04:25,TRADE,100.00895478651233,2,buy
2025-10-15 00:04:26,TRADE,100.00438635750787,1,buy
2025-10-15 00:04:27,TRADE,100.01791178209947,2,sell
2025-10-15 00:04:28,TRADE,100.02118810996335,1,buy
2025-10-15 00:04:29,TRADE,100.02195362803805,1,buy
2025-10-15 00:04:30,TRADE,100.02302831885315,2,buy
2025-10-15 00:04:31,TRADE,100.0192851498714,0,buy
2025-10-15 00:04:32,TRADE,100.02388845127017,4,buy
2025-10-15 00:04:33,TRADE,100.02462808834524,0,sell
2025-10-15 00:04:34,TRADE,100.03724204607038,0,sell
2025-10-15 00:04:35,TRADE,100.03605176406633,0,buy
2025-10-15 00:04:36,TRADE,100.03198153518227,0,sell
2025-10-15 00:04:37,TRADE,100.04484864903286,1,buy
2025-10-15 00:04:38,TRADE,100.05235385391931,3,buy
2025-10-15 00:04:39,TRADE,100.06225446881238,3,buy
2025-10-15 00:04:40,TRADE,100.0572313809936,0,sell
2025-10-15 00:04:41,TRADE,100.05110491773242,2,sell
2025-10-15 00:04:42,TRADE,100.03349858925665,2,sell
2025-10-15 00:04:43,TRADE,100.02999608391714,0,sell
2025-10-15 00:04:44,TRADE,100.03657561010797,0,buy
2025-10-15 00:04:45,TRADE,100.02946073776123,1,buy
2025-10-15 00:04:46,TRADE,100.0366544968004,0,buy
2025-10-15 00:04:47,TRADE,100.03811992505557,1,sell
2025-10-15 00:04:48,TRADE,100.04325179331181,4,buy
2025-10-15 00:04:49,TRADE,100.04382333006717,0,buy
2025-10-15 00:04:50,TRADE,100.04389282640325,0,sell
2025-10-15 00:04:51,TRADE,100.03798712295512,0,buy
2025-10-15 00:04:52,TRADE,100.03418115737176,2,sell
2025-10-15 00:04:53,TRADE,100.02162728334852,1,buy
2025-10-15 00:04:54,TRADE,100.03749124387193,1,buy
2025-10-15 00:04:55,TRADE,100.02995061835836,0,sell
2025-10-15 00:04:56,TRADE,100.04130932727126,0,sell
2025-10-15 00:04:57,TRADE,100.04874208935055,0,buy
2025-10-15 00:04:58,TRADE,100.03875177214299,1,buy
2025-10-15 00:04:59,TRADE,100.0385553976966,2,sell
2025-10-15 00:05:00,TRADE,100.04800270725707,3,sell
2025-10-15 00:05:01,TRADE,100.05698352609245,1,sell
2025-10-15 00:05:02,TRADE,100.05024996969378,0,buy
2025-10-15 00:05:03,TRADE,100.03589989216538,2,buy
2025-10-15 00:05:04,TRADE,100.0415066689086,3,buy
2025-10-15 00:05:05,TRADE,100.04290276501904,0,sell
2025-10-15 00:05:06,TRADE,100.04354272187075,1,sell
2025-10-15 00:05:07,TRADE,100.04495908378274,2,buy
2025-10-15 00:05:08,TRADE,100.03421191004048,3,buy
2025-10-15 00:05:09,TRADE,100.03332062499794,3,buy
2025-10-15 00:05:10,TRADE,100.02745441563175,3,buy
2025-10-15 00:05:11,TRADE,100.04097178001909,0,buy
2025-10-15 00:05:12,TRADE,100.04100920816083,1,sell
2025-10-15 00:05:13,TRADE,100.0454419605192,3,sell
2025-10-15 00:05:14,TRADE,100.05257023518716,3,sell
2025-10-15 00:05:15,TRADE,100.04003088828877,0,buy
2025-10-15 00:05:16,TRADE,100.04150245900733,2,buy
2025-10-15 00:05:17,TRADE,100.0344327964018,1,sell
2025-10-15 00:05:18,TRADE,100.03777331611006,3,sell
2025-10-15 00:05:19,TRADE,100.04807740152819,1,sell
2025-10-15 00:05:20,TRADE,100.03201844360136,2,buy
2025-10-15 00:05:21,TRADE,100.04821065270205,1,sell
2025-10-15 00:05:22,TRADE,100.03014558277624,0,buy
2025-10-15 00:05:23,TRADE,100.03587279154583,2,buy
2025-10-15 00:05:24,TRADE,100.03761923811479,3,buy
2025-10-15 00:05:25,TRADE,100.04084762829987,1,buy
2025-10-15 00:05:26,TRADE,100.03230758910797,1,buy
2025-10-15 00:05:27,TRADE,100.03531086195923,2,buy
2025-10-15 00:05:28,TRADE,100.02711894325815,1,sell
2025-10-15 00:05:29,TRADE,100.0258651399728,0,sell
2025-10-15 00:05:30,TRADE,100.03317720874121,3,buy
2025-10-15 00:05:31,TRADE,100.0233886441735,3,buy
2025-10-15 00:05:32,TRADE,100.0366443446272,1,buy
2025-10-15 00:05:33,TRADE,100.03799783581564,3,sell
2025-10-15 00:05:34,TRADE,100.02895118115468,1,buy
2025-10-15 00:05:35,TRADE,100.03135773563443,1,buy
2025-10-15 00:05:36,TRADE,100.03503637518475,1,sell
2025-10-15 00:05:37,TRADE,100.0329525588284,2,sell
2025-10-15 00:05:38,TRADE,100.03511488572634,0,sell
2025-10-15 00:05:39,TRADE,100.03060835544478,1,buy
2025-10-15 00:05:40,TRADE,100.04000439291511,1,sell
2025-10-15 00:05:41,TRADE,100.02998888606393,3,buy
2025-10-15 00:05:42,TRADE,100.03680218319644,2,sell
2025-10-15 00:05:43,TRADE,100.03498892411847,2,sell
2025-10-15 00:05:44,TRADE,100.0277196218224,0,sell
2025-10-15 00:05:45,TRADE,100.0273870082513,1,sell
2025-10-15 00:05:46,TRADE,100.03423400159934,0,buy
2025-10-15 00:05:47,TRADE,100.03288922580627,2,sell
2025-10-15 00:05:48,TRADE,100.03358161303804,3,buy
2025-10-15 00:05:49,TRADE,100.03153897648411,5,sell
2025-10-15 00:05:50,TRADE,100.01949205922637,0,sell
2025-10-15 00:05:51,TRADE,100.02230610801716,2,sell
2025-10-15 00:05:52,TRADE,100.02686608637472,0,sell
2025-10-15 00:05:53,TRADE,100.0292563720032,1,buy
2025-10-15 00:05:54,TRADE,100.02294134511631,0,buy
2025-10-15 00:05:55,TRADE,100.02395874180338,1,buy
2025-10-15 00:05:56,TRADE,100.03221037180434,0,sell
2025-10-15 00:05:57,TRADE,100.00597672742413,2,buy
2025-10-15 00:05:58,TRADE,100.01478943771038,1,sell
2025-10-15 00:05:59,TRADE,100.00490685288229,0,buy
2025-10-15 00:06:00,TRADE,100.00983146517655,1,sell
2025-10-15 00:06:01,TRADE,100.01020198009599,2,buy
2025-10-15 00:06:02,TRADE,100.01361509097687,1,sell
2025-10-15 00:06:03,TRADE,100.00718687354424,1,buy
2025-10-15 00:06:04,TRADE,99.99804779041683,3,buy
2025-10-15 00:06:05,TRADE,99.99775504082757,1,buy
2025-10-15 00:06:06,TRADE,99.99118260376902,1,sell
2025-10-15 00:06:07,TRADE,99.99548133561206,1,buy
2025-10-15 00:06:08,TRADE,100.00483222652183,0,sell
2025-10-15 00:06:09,TRADE,99.9996681178421,2,buy
2025-10-15 00:06:10,TRADE,99.9978009069621,1,sell
2025-10-15 00:06:11,TRADE,100.00785607657042,1,buy
2025-10-15 00:06:12,TRADE,99.99473314353911,4,sell
2025-10-15 00:06:13,TRADE,100.0094741189479,0,sell
2025-10-15 00:06:14,TRADE,100.00127545928008,3,sell
2025-10-15 00:06:15,TRADE,99.99882067348514,1,buy
2025-10-15 00:06:16,TRADE,100.00783931865314,4,buy
2025-10-15 00:06:17,TRADE,99.99862763358244,2,sell
2025-10-15 00:06:18,TRADE,100.00230048844797,0,sell
2025-10-15 00:06:19,TRADE,99.99528227335966,3,sell
2025-10-15 00:06:20,TRADE,99.9963944192752,2,buy
2025-10-15 00:06:21,TRADE,100.00058397392861,0,buy
2025-10-15 00:06:22,TRADE,99.9953400421965,1,sell
2025-10-15 00:06:23,TRADE,99.98310155316739,4,sell
2025-10-15 00:06:24,TRADE,99.9898074710458,1,buy
2025-10-15 00:06:25,TRADE,99.98521795208404,6,buy
2025-10-15 00:06:26,TRADE,99.98802913128014,2,buy
2025-10-15 00:06:27,TRADE,99.98020375127105,2,buy
2025-10-15 00:06:28,TRADE,99.99468523523029,1,buy
2025-10-15 00:06:29,TRADE,99.9796205063357,2,sell
2025-10-15 00:06:30,TRADE,99.9731163135331,3,buy
2025-10-15 00:06:31,TRADE,99.98206509342812,2,buy
2025-10-15 00:06:32,TRADE,99.97131799556037,1,buy
2025-10-15 00:06:33,TRADE,99.97062072711408,4,buy
2025-10-15 00:06:34,TRADE,99.98635519581688,1,buy
2025-10-15 00:06:35,TRADE,99.99305642865438,0,buy
2025-10-15 00:06:36,TRADE,99.97003301732096,0,sell
2025-10-15 00:06:37,TRADE,99.9799822832697,4,buy
2025-10-15 00:06:38,TRADE,99.9709085432445,1,sell
2025-10-15 00:06:39,TRADE,99.97317643395742,0,sell
2025-10-15 00:06:40,TRADE,99.96796947462248,0,buy
2025-10-15 00:06:41,TRADE,99.96807628671884,1,sell
2025-10-15 00:06:42,TRADE,99.9623056182335,0,sell
2025-10-15 00:06:43,TRADE,99.9560921232027,2,sell
2025-10-15 00:06:44,TRADE,99.9672756291026,3,sell
2025-10-15 00:06:45,TRADE,99.9457048361382,2,sell
2025-10-15 00:06:46,TRADE,99.94433922553687,2,sell
2025-10-15 00:06:47,TRADE,99.93495875297603,1,sell
2025-10-15 00:06:48,TRADE,99.94312341767132,1,sell
2025-10-15 00:06:49,TRADE,99.94148671579674,0,buy
2025-10-15 00:06:50,TRADE,99.948636630688,2,sell
2025-10-15 00:06:51,TRADE,99.936066986955,3,sell
2025-10-15 00:06:52,TRADE,99.93172671264783,1,buy
2025-10-15 00:06:53,TRADE,99.93998049464598,2,sell
2025-10-15 00:06:54,TRADE,99.92607349504114,0,sell
2025-10-15 00:06:55,TRADE,99.92839258484824,1,sell
2025-10-15 00:06:56,TRADE,99.93092734626843,0,buy
2025-10-15 00:06:57,TRADE,99.9307915440297,0,sell
2025-10-15 00:06:58,TRADE,99.91994445002375,0,sell
2025-10-15 00:06:59,TRADE,99.92561929630584,1,sell
2025-10-15 00:07:00,TRADE,99.91760360265425,2,sell
2025-10-15 00:07:01,TRADE,99.92110638207423,3,buy
2025-10-15 00:07:02,TRADE,99.91894129158278,2,buy
2025-10-15 00:07:03,TRADE,99.93207819445367,2,buy
2025-10-15 00:07:04,TRADE,99.92471770122069,2,sell
2025-10-15 00:07:05,TRADE,99.93039150481692,4,buy
2025-10-15 00:07:06,TRADE,99.92505190256871,0,sell
2025-10-15 00:07:07,TRADE,99.9232559155792,1,sell
2025-10-15 00:07:08,TRADE,99.93225707413414,0,buy
2025-10-15 00:07:09,TRADE,99.92375215675271,0,buy
2025-10-15 00:07:10,TRADE,99.91846310320278,0,sell
2025-10-15 00:07:11,TRADE,99.92581110872898,2,buy
2025-10-15 00:07:12,TRADE,99.92387469417726,1,sell
2025-10-15 00:07:13,TRADE,99.92104945443553,0,sell
2025-10-15 00:07:14,TRADE,99.93059880316707,0,sell
2025-10-15 00:07:15,TRADE,99.93479920107347,2,sell
2025-10-15 00:07:16,TRADE,99.9281603990699,1,sell
2025-10-15 00:07:17,TRADE,99.93247018524929,1,buy
2025-10-15 00:07:18,TRADE,99.92088019452264,0,sell
2025-10-15 00:07:19,TRADE,99.90848867499123,1,sell
2025-10-15 00:07:20,TRADE,99.91885238472102,2,buy
2025-10-15 00:07:21,TRADE,99.92880240661933,4,sell
2025-10-15 00:07:22,TRADE,99.91676887556464,1,buy
2025-10-15 00:07:23,TRADE,99.9247024915998,1,sell
2025-10-15 00:07:24,TRADE,99.91727325060157,2,sell
2025-10-15 00:07:25,TRADE,99.92830948401773,0,sell
2025-10-15 00:07:26,TRADE,99.92525815983814,1,buy
2025-10-15 00:07:27,TRADE,99.92964127921162,1,buy
2025-10-15 00:07:28,TRADE,99.9286788849219,0,buy
2025-10-15 00:07:29,TRADE,99.92880996079987,1,buy
2025-10-15 00:07:30,TRADE,99.93338018191956,2,buy
2025-10-15 00:07:31,TRADE,99.92154067626612,0,buy
2025-10-15 00:07:32,TRADE,99.91617824663714,1,buy
2025-10-15 00:07:33,TRADE,99.92301709779282,1,sell
2025-10-15 00:07:34,TRADE,99.92381553263391,0,buy
2025-10-15 00:07:35,TRADE,99.92594361291377,0,sell
2025-10-15 00:07:36,TRADE,99.91994979430686,1,buy
2025-10-15 00:07:37,TRADE,99.90717891178346,2,buy
2025-10-15 00:07:38,TRADE,99.90627848737563,1,sell
2025-10-15 00:07:39,TRADE,99.91552436335401,3,buy
2025-10-15 00:07:40,TRADE,99.9103217275759,2,sell
2025-10-15 00:07:41,TRADE,99.91298217337295,0,sell
2025-10-15 00:07:42,TRADE,99.90065162302353,0,sell
2025-10-15 00:07:43,TRADE,99.89908577122546,2,buy
2025-10-15 00:07:44,TRADE,99.91166101277767,3,buy
2025-10-15 00:07:45,TRADE,99.90868737961567,0,buy
2025-10-15 00:07:46,TRADE,99.9100412776047,1,sell
2025-10-15 00:07:47,TRADE,99.89820498980511,2,buy
2025-10-15 00:07:48,TRADE,99.90367439780766,2,sell
2025-10-15 00:07:49,TRADE,99.91872219193141,0,sell
2025-10-15 00:07:50,TRADE,99.92072960175012,2,buy
2025-10-15 00:07:51,TRADE,99.92173253732176,1,sell
2025-10-15 00:07:52,TRADE,99.93870124985101,2,buy
2025-10-15 00:07:53,TRADE,99.9398782173522,1,buy
2025-10-15 00:07:54,TRADE,99.91767884386783,2,buy
2025-10-15 00:07:55,TRADE,99.92384434921807,0,sell
2025-10-15 00:07:56,TRADE,99.92041029880804,2,buy
2025-10-15 00:07:57,TRADE,99.9038979577744,1,buy
2025-10-15 00:07:58,TRADE,99.89766298721042,4,buy
2025-10-15 00:07:59,TRADE,99.89777254854613,0,buy
2025-10-15 00:08:00,TRADE,99.91041661661949,4,buy
2025-10-15 00:08:01,TRADE,99.91614539424806,1,buy
2025-10-15 00:08:02,TRADE,99.91986425214357,1,buy
2025-10-15 00:08:03,TRADE,99.92214414818048,1,buy
2025-10-15 00:08:04,TRADE,99.9069781804733,2,buy
2025-10-15 00:08:05,TRADE,99.9191141060806,1,sell
2025-10-15 00:08:06,TRADE,99.91025053581149,0,buy
2025-10-15 00:08:07,TRADE,99.91895089768941,1,sell
2025-10-15 00:08:08,TRADE,99.94096781608329,0,sell
2025-10-15 00:08:09,TRADE,99.9210470150052,4,sell
2025-10-15 00:08:10,TRADE,99.92715618171003,0,buy
2025-10-15 00:08:11,TRADE,99.92841682895087,0,buy
2025-10-15 00:08:12,TRADE,99.9135939058641,1,sell
2025-10-15 00:08:13,TRADE,99.93086056432287,0,buy
2025-10-15 00:08:14,TRADE,99.94124371463836,1,sell
2025-10-15 00:08:15,TRADE,99.93945230552863,1,sell
2025-10-15 00:08:16,TRADE,99.93668628139318,2,buy
2025-10-15 00:08:17,TRADE,99.94307579224069,0,sell
2025-10-15 00:08:18,TRADE,99.9383231951201,4,sell
2025-10-15 00:08:19,TRADE,99.93620892424701,2,sell
2025-10-15 00:08:20,TRADE,99.93821175539163,1,buy
2025-10-15 00:08:21,TRADE,99.93002370989191,1,buy
2025-10-15 00:08:22,TRADE,99.93278583057433,2,buy
2025-10-15 00:08:23,TRADE,99.93365003340939,0,buy
2025-10-15 00:08:24,TRADE,99.93058333397497,3,sell
2025-10-15 00:08:25,TRADE,99.91904535350622,3,buy
2025-10-15 00:08:26,TRADE,99.93847197029474,2,sell
2025-10-15 00:08:27,TRADE,99.94695639499486,2,buy
2025-10-15 00:08:28,TRADE,99.94606286103456,1,buy
2025-10-15 00:08:29,TRADE,99.93743812611982,0,buy
2025-10-15 00:08:30,TRADE,99.94273043645185,0,sell
2025-10-15 00:08:31,TRADE,99.93255855414225,3,buy
2025-10-15 00:08:32,TRADE,99.92901196123562,1,sell
2025-10-15 00:08:33,TRADE,99.9205130000233,4,buy
2025-10-15 00:08:34,TRADE,99.92600117828934,2,sell
2025-10-15 00:08:35,TRADE,99.91113487748217,1,sell
2025-10-15 00:08:36,TRADE,99.916197677793,1,buy
2025-10-15 00:08:37,TRADE,99.90737505931362,1,buy
2025-10-15 00:08:38,TRADE,99.91413564895049,1,sell
2025-10-15 00:08:39,TRADE,99.89939277933877,1,sell
2025-10-15 00:08:40,TRADE,99.91294858288182,1,sell
2025-10-15 00:08:41,TRADE,99.9060029049594,4,sell
2025-10-15 00:08:42,TRADE,99.9105595481336,0,buy
2025-10-15 00:08:43,TRADE,99.89290774261457,2,sell
2025-10-15 00:08:44,TRADE,99.90276234759321,2,buy
2025-10-15 00:08:45,TRADE,99.90769585652586,1,sell
2025-10-15 00:08:46,TRADE,99.89583737986621,3,buy
2025-10-15 00:08:47,TRADE,99.89221788325641,4,buy
2025-10-15 00:08:48,TRADE,99.89529121405161,0,buy
2025-10-15 00:08:49,TRADE,99.89735957148899,1,sell
2025-10-15 00:08:50,TRADE,99.90877385327659,0,buy
2025-10-15 00:08:51,TRADE,99.90457827361259,2,buy
2025-10-15 00:08:52,TRADE,99.91100745873717,3,sell
2025-10-15 00:08:53,TRADE,99.91141628095767,2,sell
2025-10-15 00:08:54,TRADE,99.91317318892395,2,sell
2025-10-15 00:08:55,TRADE,99.90147431637101,0,sell
2025-10-15 00:08:56,TRADE,99.9040689049704,1,buy
2025-10-15 00:08:57,TRADE,99.88907364397019,5,sell
2025-10-15 00:08:58,TRADE,99.90604141333849,2,buy
2025-10-15 00:08:59,TRADE,99.89485873230979,2,sell
2025-10-15 00:09:00,TRADE,99.89701911553983,0,buy
2025-10-15 00:09:01,TRADE,99.8991607669531,4,sell
2025-10-15 00:09:02,TRADE,99.90039535292223,0,buy
2025-10-15 00:09:03,TRADE,99.91308033984923,1,sell
2025-10-15 00:09:04,TRADE,99.89033089888134,1,buy
2025-10-15 00:09:05,TRADE,99.90355234906991,1,sell
2025-10-15 00:09:06,TRADE,99.88537697411599,0,sell
2025-10-15 00:09:07,TRADE,99.87677064901527,2,sell
2025-10-15 00:09:08,TRADE,99.87203264680909,5,sell
2025-10-15 00:09:09,TRADE,99.88455305323666,2,sell
2025-10-15 00:09:10,TRADE,99.88570865135392,3,sell
2025-10-15 00:09:11,TRADE,99.87616240044876,1,buy
2025-10-15 00:09:12,TRADE,99.87558763952137,2,buy
2025-10-15 00:09:13,TRADE,99.88394986981446,1,sell
2025-10-15 00:09:14,TRADE,99.88958197257537,0,sell
2025-10-15 00:09:15,TRADE,99.88764136968645,0,sell
2025-10-15 00:09:16,TRADE,99.89629539263211,1,sell
2025-10-15 00:09:17,TRADE,99.88769644030329,2,buy
2025-10-15 00:09:18,TRADE,99.89118804460341,2,buy
2025-10-15 00:09:19,TRADE,99.8936901042622,1,buy
2025-10-15 00:09:20,TRADE,99.90390878209982,0,sell
2025-10-15 00:09:21,TRADE,99.8886376602653,2,buy
2025-10-15 00:09:22,TRADE,99.8923726122818,4,buy
2025-10-15 00:09:23,TRADE,99.89634165740966,2,buy
2025-10-15 00:09:24,TRADE,99.90042407767749,0,sell
2025-10-15 00:09:25,TRADE,99.8912485742301,2,sell
2025-10-15 00:09:26,TRADE,99.89591321507349,0,sell
2025-10-15 00:09:27,TRADE,99.89450025571111,4,buy
2025-10-15 00:09:28,TRADE,99.90095345237788,3,sell
2025-10-15 00:09:29,TRADE,99.89850445050024,1,sell
2025-10-15 00:09:30,TRADE,99.89859514094262,1,buy
2025-10-15 00:09:31,TRADE,99.9098256092326,0,sell
2025-10-15 00:09:32,TRADE,99.90556963052131,0,buy
2025-10-15 00:09:33,TRADE,99.92157406688698,1,buy
2025-10-15 00:09:34,TRADE,99.91742545107769,3,buy
2025-10-15 00:09:35,TRADE,99.9102206546907,0,buy
2025-10-15 00:09:36,TRADE,99.91834320307717,1,sell
2025-10-15 00:09:37,TRADE,99.92284540258997,2,buy
2025-10-15 00:09:38,TRADE,99.91748721591173,0,buy
2025-10-15 00:09:39,TRADE,99.91255210040701,1,buy
2025-10-15 00:09:40,TRADE,99.91936116482118,1,buy
2025-10-15 00:09:41,TRADE,99.91685668789641,1,sell
2025-10-15 00:09:42,TRADE,99.91703671909443,0,sell
2025-10-15 00:09:43,TRADE,99.91116940369749,2,buy
2025-10-15 00:09:44,TRADE,99.9166808605345,1,buy
2025-10-15 00:09:45,TRADE,99.92750768264807,2,buy
2025-10-15 00:09:46,TRADE,99.92488967823265,2,buy
2025-10-15 00:09:47,TRADE,99.93774822362437,4,sell
2025-10-15 00:09:48,TRADE,99.93224596495763,0,buy
2025-10-15 00:09:49,TRADE,99.93114820292934,1,sell
2025-10-15 00:09:50,TRADE,99.94685217240128,1,buy
2025-10-15 00:09:51,TRADE,99.95005322983658,1,buy
2025-10-15 00:09:52,TRADE,99.93839490705065,1,sell
2025-10-15 00:09:53,TRADE,99.95181511738159,2,buy
2025-10-15 00:09:54,TRADE,99.93574962660233,0,sell
2025-10-15 00:09:55,TRADE,99.93545290884317,1,sell
2025-10-15 00:09:56,TRADE,99.93967503514602,1,sell
2025-10-15 00:09:57,TRADE,99.95185773755333,3,buy
2025-10-15 00:09:58,TRADE,99.95007231923192,1,sell
2025-10-15 00:09:59,TRADE,99.95298301245896,0,sell
2025-10-15 00:10:00,TRADE,99.96031296280884,3,sell
2025-10-15 00:10:01,TRADE,99.9619001956683,1,buy
2025-10-15 00:10:02,TRADE,99.9616898579885,1,buy
2025-10-15 00:10:03,TRADE,99.97184044662262,1,buy
2025-10-15 00:10:04,TRADE,99.97541148963424,1,buy
2025-10-15 00:10:05,TRADE,99.96631225216319,1,sell
2025-10-15 00:10:06,TRADE,99.98133693795609,2,buy
2025-10-15 00:10:07,TRADE,99.97598422719057,1,sell
2025-10-15 00:10:08,TRADE,99.9807663171779,2,sell
2025-10-15 00:10:09,TRADE,99.97730274184703,0,sell
2025-10-15 00:10:10,TRADE,99.9812879391773,0,sell
2025-10-15 00:10:11,TRADE,99.97864461201769,1,sell
2025-10-15 00:10:12,TRADE,99.97727229766295,1,sell
2025-10-15 00:10:13,TRADE,99.97763671024998,1,sell
2025-10-15 00:10:14,TRADE,99.96346426956313,1,buy
2025-10-15 00:10:15,TRADE,99.9613263911863,1,buy
2025-10-15 00:10:16,TRADE,99.96791574935196,3,buy
2025-10-15 00:10:17,TRADE,99.95696274378105,2,buy
2025-10-15 00:10:18,TRADE,99.96075359593405,2,buy
2025-10-15 00:10:19,TRADE,99.94856347026668,1,sell
2025-10-15 00:10:20,TRADE,99.95613254134219,1,buy
2025-10-15 00:10:21,TRADE,99.96254754307839,0,buy
2025-10-15 00:10:22,TRADE,99.96295323324036,2,buy
2025-10-15 00:10:23,TRADE,99.96448485929626,0,buy
2025-10-15 00:10:24,TRADE,99.96503555377423,1,buy
2025-10-15 00:10:25,TRADE,99.95722840063199,3,buy
2025-10-15 00:10:26,TRADE,99.95950940317783,1,sell
2025-10-15 00:10:27,TRADE,99.94929019521024,0,buy
2025-10-15 00:10:28,TRADE,99.95495852004434,0,buy
2025-10-15 00:10:29,TRADE,99.96336578675496,2,sell
2025-10-15 00:10:30,TRADE,99.94969829840504,2,sell
2025-10-15 00:10:31,TRADE,99.9405309572522,1,buy
2025-10-15 00:10:32,TRADE,99.95199666867934,2,buy
2025-10-15 00:10:33,TRADE,99.94224094684053,1,sell
2025-10-15 00:10:34,TRADE,99.9439518511308,2,sell
2025-10-15 00:10:35,TRADE,99.94854134374413,1,sell
2025-10-15 00:10:36,TRADE,99.95094714461429,0,buy
2025-10-15 00:10:37,TRADE,99.949908761046,1,buy
2025-10-15 00:10:38,TRADE,99.95125378274334,1,buy
2025-10-15 00:10:39,TRADE,99.96692296987828,1,buy
2025-10-15 00:10:40,TRADE,99.96305042344666,3,sell
2025-10-15 00:10:41,TRADE,99.95119512713754,2,buy
2025-10-15 00:10:42,TRADE,99.95451242449143,4,buy
2025-10-15 00:10:43,TRADE,99.95046673962108,0,buy
2025-10-15 00:10:44,TRADE,99.96458213959092,1,sell
2025-10-15 00:10:45,TRADE,99.94271103526467,1,buy
2025-10-15 00:10:46,TRADE,99.95421471280655,4,sell
2025-10-15 00:10:47,TRADE,99.94754836431922,3,buy
2025-10-15 00:10:48,TRADE,99.95875774537353,2,buy
2025-10-15 00:10:49,TRADE,99.96249830628194,1,buy
2025-10-15 00:10:50,TRADE,99.97535306386179,2,sell
2025-10-15 00:10:51,TRADE,99.96250449551393,0,buy
2025-10-15 00:10:52,TRADE,99.96453899411556,1,buy
2025-10-15 00:10:53,TRADE,99.96728565265731,1,buy
2025-10-15 00:10:54,TRADE,99.96338872464283,2,buy
2025-10-15 00:10:55,TRADE,99.95300876970072,3,sell
2025-10-15 00:10:56,TRADE,99.9670104577094,2,buy
2025-10-15 00:10:57,TRADE,99.9670867299278,1,sell
2025-10-15 00:10:58,TRADE,99.96142125555095,1,sell
2025-10-15 00:10:59,TRADE,99.95975476398388,0,sell
2025-10-15 00:11:00,TRADE,99.96077752524624,2,buy
2025-10-15 00:11:01,TRADE,99.97047759671922,3,sell
2025-10-15 00:11:02,TRADE,99.98891379719787,2,sell
2025-10-15 00:11:03,TRADE,99.97654404578793,3,sell
2025-10-15 00:11:04,TRADE,99.99372591696506,1,sell
2025-10-15 00:11:05,TRADE,99.99743457684735,0,buy
2025-10-15 00:11:06,TRADE,99.99234614179744,3,sell
2025-10-15 00:11:07,TRADE,99.9860539551313,7,sell
2025-10-15 00:11:08,TRADE,99.9932022862516,2,sell
2025-10-15 00:11:09,TRADE,99.99268766853245,2,buy
2025-10-15 00:11:10,TRADE,99.992208417629,2,sell
2025-10-15 00:11:11,TRADE,99.97706625253353,0,sell
2025-10-15 00:11:12,TRADE,99.98825455992518,3,buy
2025-10-15 00:11:13,TRADE,99.98734150254009,1,buy
2025-10-15 00:11:14,TRADE,99.9778778405438,2,sell
2025-10-15 00:11:15,TRADE,99.9830259151119,0,sell
2025-10-15 00:11:16,TRADE,99.9929689232175,3,sell
2025-10-15 00:11:17,TRADE,100.00029953604887,5,buy
2025-10-15 00:11:18,TRADE,99.99882749132456,0,buy
2025-10-15 00:11:19,TRADE,99.99728277953037,2,buy
2025-10-15 00:11:20,TRADE,100.00845670248988,2,sell
2025-10-15 00:11:21,TRADE,100.00058562809788,0,sell
2025-10-15 00:11:22,TRADE,100.00257928637939,2,buy
2025-10-15 00:11:23,TRADE,99.99165821508525,0,buy
2025-10-15 00:11:24,TRADE,99.98811439791113,2,sell
2025-10-15 00:11:25,TRADE,100.00791480177634,1,sell
2025-10-15 00:11:26,TRADE,99.9875106101836,1,sell
2025-10-15 00:11:27,TRADE,100.00554990770347,2,sell
2025-10-15 00:11:28,TRADE,100.00192249031731,3,buy
2025-10-15 00:11:29,TRADE,99.98719473449742,1,buy
2025-10-15 00:11:30,TRADE,99.98447746137147,2,buy
2025-10-15 00:11:31,TRADE,99.99794205050074,1,sell
2025-10-15 00:11:32,TRADE,99.99389087526504,1,sell
2025-10-15 00:11:33,TRADE,99.99186913683185,4,sell
2025-10-15 00:11:34,TRADE,99.97857954904497,4,sell
2025-10-15 00:11:35,TRADE,99.98593162830375,1,sell
2025-10-15 00:11:36,TRADE,99.99826221338982,0,buy
2025-10-15 00:11:37,TRADE,100.0056755549187,0,buy
2025-10-15 00:11:38,TRADE,99.99998647502602,4,buy
2025-10-15 00:11:39,TRADE,100.00497075029973,1,buy
2025-10-15 00:11:40,TRADE,99.99970182867328,2,sell
2025-10-15 00:11:41,TRADE,100.00547627101592,2,buy
2025-10-15 00:11:42,TRADE,99.99624968330151,1,buy
2025-10-15 00:11:43,TRADE,99.99358798983212,1,buy
2025-10-15 00:11:44,TRADE,99.99932463958086,2,sell
2025-10-15 00:11:45,TRADE,100.00518785702596,2,buy
2025-10-15 00:11:46,TRADE,99.99522034109518,1,buy
2025-10-15 00:11:47,TRADE,100.0032957740824,2,buy
2025-10-15 00:11:48,TRADE,99.99636474983966,0,buy
2025-10-15 00:11:49,TRADE,99.99519498781217,7,buy
2025-10-15 00:11:50,TRADE,99.99711074366785,2,sell
2025-10-15 00:11:51,TRADE,99.99826003971506,0,buy
2025-10-15 00:11:52,TRADE,100.00554348443572,1,buy
2025-10-15 00:11:53,TRADE,100.01879888951032,0,sell
2025-10-15 00:11:54,TRADE,100.00747836258651,3,sell
2025-10-15 00:11:55,TRADE,100.01940251732925,2,sell
2025-10-15 00:11:56,TRADE,100.01758843957403,1,sell
2025-10-15 00:11:57,TRADE,100.01489836602121,1,buy
2025-10-15 00:11:58,TRADE,100.01232392685117,1,buy
2025-10-15 00:11:59,TRADE,100.01556787399431,3,buy
2025-10-15 00:12:00,TRADE,99.99753044779223,2,buy
2025-10-15 00:12:01,TRADE,100.01230382494245,1,sell
2025-10-15 00:12:02,TRADE,100.00692705501393,2,buy
2025-10-15 00:12:03,TRADE,100.0114540144384,0,sell
2025-10-15 00:12:04,TRADE,100.00223700889723,2,buy
2025-10-15 00:12:05,TRADE,99.99758534411495,1,buy
2025-10-15 00:12:06,TRADE,100.00328170940568,1,buy
2025-10-15 00:12:07,TRADE,100.00646975258806,2,sell
2025-10-15 00:12:08,TRADE,100.01330575361264,2,buy
2025-10-15 00:12:09,TRADE,100.00237739759335,4,sell
2025-10-15 00:12:10,TRADE,100.008990417232,0,sell
2025-10-15 00:12:11,TRADE,100.0002935587998,1,buy
2025-10-15 00:12:12,TRADE,100.01121734069191,0,sell
2025-10-15 00:12:13,TRADE,100.00218405300232,2,buy
2025-10-15 00:12:14,TRADE,100.010244978703,1,sell
2025-10-15 00:12:15,TRADE,100.01182720462252,0,buy
2025-10-15 00:12:16,TRADE,100.01812273777597,2,buy
2025-10-15 00:12:17,TRADE,100.02261118556979,0,sell
2025-10-15 00:12:18,TRADE,100.01730034926706,2,sell
2025-10-15 00:12:19,TRADE,100.01593599927448,0,sell
2025-10-15 00:12:20,TRADE,100.0208138529165,4,sell
2025-10-15 00:12:21,TRADE,100.01944209003054,3,buy
2025-10-15 00:12:22,TRADE,100.01692057199342,0,buy
2025-10-15 00:12:23,TRADE,100.02973652980496,1,sell
2025-10-15 00:12:24,TRADE,100.02149978711954,1,sell
2025-10-15 00:12:25,TRADE,100.0211260571448,0,buy
2025-10-15 00:12:26,TRADE,100.02894103834376,4,sell
2025-10-15 00:12:27,TRADE,100.02567547715839,1,sell
2025-10-15 00:12:28,TRADE,100.02644355682453,2,buy
2025-10-15 00:12:29,TRADE,100.0266992810252,2,sell
2025-10-15 00:12:30,TRADE,100.02375428549682,2,buy
2025-10-15 00:12:31,TRADE,100.03471820726737,0,sell
2025-10-15 00:12:32,TRADE,100.04735618965275,2,buy
2025-10-15 00:12:33,TRADE,100.03840077485023,0,sell
2025-10-15 00:12:34,TRADE,100.04505596037981,1,buy
2025-10-15 00:12:35,TRADE,100.0410738060996,2,buy
2025-10-15 00:12:36,TRADE,100.03788787225419,0,sell
2025-10-15 00:12:37,TRADE,100.04685804041458,2,buy
2025-10-15 00:12:38,TRADE,100.02149001397777,0,sell
2025-10-15 00:12:39,TRADE,100.02786805608615,2,sell
2025-10-15 00:12:40,TRADE,100.03326510560478,0,buy
2025-10-15 00:12:41,TRADE,100.0332618348465,0,buy
2025-10-15 00:12:42,TRADE,100.02388408864674,0,buy
2025-10-15 00:12:43,TRADE,100.01595346709291,1,sell
2025-10-15 00:12:44,TRADE,100.02494357763689,3,sell
2025-10-15 00:12:45,TRADE,100.03976696028957,3,sell
2025-10-15 00:12:46,TRADE,100.03616699218081,2,buy
2025-10-15 00:12:47,TRADE,100.03565409967702,1,buy
2025-10-15 00:12:48,TRADE,100.02806539941494,2,sell
2025-10-15 00:12:49,TRADE,100.02371804583436,1,sell
2025-10-15 00:12:50,TRADE,100.01884101628548,3,buy
2025-10-15 00:12:51,TRADE,100.02923633565564,1,buy
2025-10-15 00:12:52,TRADE,100.0321964497977,0,buy
2025-10-15 00:12:53,TRADE,100.02495617052058,0,buy
2025-10-15 00:12:54,TRADE,100.02987591647621,2,sell
2025-10-15 00:12:55,TRADE,100.03742503500757,1,buy
2025-10-15 00:12:56,TRADE,100.04305958354252,0,buy
2025-10-15 00:12:57,TRADE,100.02213372399514,1,sell
2025-10-15 00:12:58,TRADE,100.0379046817214,2,sell
2025-10-15 00:12:59,TRADE,100.03452592442703,0,buy
2025-10-15 00:13:00,TRADE,100.0281104072445,5,buy
2025-10-15 00:13:01,TRADE,100.03624265091334,2,sell
2025-10-15 00:13:02,TRADE,100.03690665810473,1,sell
2025-10-15 00:13:03,TRADE,100.03741480073822,4,buy
2025-10-15 00:13:04,TRADE,100.03663662224218,1,buy
2025-10-15 00:13:05,TRADE,100.04276967311175,0,sell
2025-10-15 00:13:06,TRADE,100.02892043323105,2,sell
2025-10-15 00:13:07,TRADE,100.03332816671109,1,sell
2025-10-15 00:13:08,TRADE,100.0318480418059,1,sell
2025-10-15 00:13:09,TRADE,100.02623945596929,3,sell
2025-10-15 00:13:10,TRADE,100.0341852309151,4,buy
2025-10-15 00:13:11,TRADE,100.01991642570569,3,sell
2025-10-15 00:13:12,TRADE,100.04361148093255,1,buy
2025-10-15 00:13:13,TRADE,100.03881273177173,1,buy
2025-10-15 00:13:14,TRADE,100.04911705123988,1,buy
2025-10-15 00:13:15,TRADE,100.0319184940447,0,buy
2025-10-15 00:13:16,TRADE,100.04563297561317,0,sell
2025-10-15 00:13:17,TRADE,100.0248395368523,2,sell
2025-10-15 00:13:18,TRADE,100.04072556600708,4,sell
2025-10-15 00:13:19,TRADE,100.03198260044185,1,sell
2025-10-15 00:13:20,TRADE,100.04332549305889,2,sell
2025-10-15 00:13:21,TRADE,100.04974141281727,4,buy
2025-10-15 00:13:22,TRADE,100.04759312464952,0,sell
2025-10-15 00:13:23,TRADE,100.06282076338867,1,buy
2025-10-15 00:13:24,TRADE,100.05625551219693,0,sell
2025-10-15 00:13:25,TRADE,100.05352212845453,1,buy
2025-10-15 00:13:26,TRADE,100.05071928817055,0,sell
2025-10-15 00:13:27,TRADE,100.05667337934322,1,sell
2025-10-15 00:13:28,TRADE,100.06183563818381,1,buy
2025-10-15 00:13:29,TRADE,100.06482893604063,0,buy
2025-10-15 00:13:30,TRADE,100.05414031669426,0,sell
2025-10-15 00:13:31,TRADE,100.06135935621556,1,buy
2025-10-15 00:13:32,TRADE,100.04803952212028,2,buy
2025-10-15 00:13:33,TRADE,100.04611148504145,4,sell
2025-10-15 00:13:34,TRADE,100.04777193437322,2,buy
2025-10-15 00:13:35,TRADE,100.0561402940969,0,buy
2025-10-15 00:13:36,TRADE,100.04921013280918,2,sell
2025-10-15 00:13:37,TRADE,100.03968753049813,1,sell
2025-10-15 00:13:38,TRADE,100.0373266586871,0,sell
2025-10-15 00:13:39,TRADE,100.05001880011898,3,sell
2025-10-15 00:13:40,TRADE,100.0558834576752,3,buy
2025-10-15 00:13:41,TRADE,100.04624479254502,0,buy
2025-10-15 00:13:42,TRADE,100.03189851638137,4,buy
2025-10-15 00:13:43,TRADE,100.049029415207,1,buy
2025-10-15 00:13:44,TRADE,100.03376505722147,1,buy
2025-10-15 00:13:45,TRADE,100.02982033173423,4,buy
2025-10-15 00:13:46,TRADE,100.03619614808466,0,sell
2025-10-15 00:13:47,TRADE,100.04128691601056,4,buy
2025-10-15 00:13:48,TRADE,100.04004136103792,2,buy
2025-10-15 00:13:49,TRADE,100.0340278079058,0,buy
2025-10-15 00:13:50,TRADE,100.04084686253873,1,buy
2025-10-15 00:13:51,TRADE,100.03824279065873,1,sell
2025-10-15 00:13:52,TRADE,100.04520016226522,1,buy
2025-10-15 00:13:53,TRADE,100.05737889065868,2,sell
2025-10-15 00:13:54,TRADE,100.05429606840653,1,buy
2025-10-15 00:13:55,TRADE,100.04353045847395,3,buy
2025-10-15 00:13:56,TRADE,100.04490896282336,2,sell
2025-10-15 00:13:57,TRADE,100.04193382438893,4,sell
2025-10-15 00:13:58,TRADE,100.03614091255244,2,sell
2025-10-15 00:13:59,TRADE,100.03983371467828,2,buy
2025-10-15 00:14:00,TRADE,100.03386365565275,0,buy
2025-10-15 00:14:01,TRADE,100.04833582287081,2,sell
2025-10-15 00:14:02,TRADE,100.04247835584003,0,buy
2025-10-15 00:14:03,TRADE,100.04234419222635,1,buy
2025-10-15 00:14:04,TRADE,100.05398943808991,4,buy
2025-10-15 00:14:05,TRADE,100.04536289134994,1,buy
2025-10-15 00:14:06,TRADE,100.05347698316629,0,buy
2025-10-15 00:14:07,TRADE,100.04884104012821,1,buy
2025-10-15 00:14:08,TRADE,100.04518877309684,0,sell
2025-10-15 00:14:09,TRADE,100.04331132325909,1,buy
2025-10-15 00:14:10,TRADE,100.05231425108971,3,buy
2025-10-15 00:14:11,TRADE,100.04600987478908,0,buy
2025-10-15 00:14:12,TRADE,100.04140496133215,1,buy
2025-10-15 00:14:13,TRADE,100.0175210511245,1,buy
2025-10-15 00:14:14,TRADE,100.01836117849551,1,sell
2025-10-15 00:14:15,TRADE,100.02121177335266,0,buy
2025-10-15 00:14:16,TRADE,100.01215186522893,1,buy
2025-10-15 00:14:17,TRADE,100.01133341087548,3,sell
2025-10-15 00:14:18,TRADE,99.99981496885216,2,sell
2025-10-15 00:14:19,TRADE,100.01405746960083,2,sell
2025-10-15 00:14:20,TRADE,100.0073292057976,0,buy
2025-10-15 00:14:21,TRADE,100.01917405693439,4,sell
2025-10-15 00:14:22,TRADE,100.01021752149174,1,sell
2025-10-15 00:14:23,TRADE,100.01035869281111,3,sell
2025-10-15 00:14:24,TRADE,100.00347099876683,1,sell
2025-10-15 00:14:25,TRADE,100.00132041599063,2,sell
2025-10-15 00:14:26,TRADE,99.99017247831536,2,buy
2025-10-15 00:14:27,TRADE,99.99331334984699,0,sell
2025-10-15 00:14:28,TRADE,100.00715865715456,0,buy
2025-10-15 00:14:29,TRADE,99.99968299613012,2,sell
2025-10-15 00:14:30,TRADE,100.00537347963322,2,sell
2025-10-15 00:14:31,TRADE,100.00287202083074,3,buy
2025-10-15 00:14:32,TRADE,99.99899068347453,3,sell
2025-10-15 00:14:33,TRADE,100.01024075585686,4,buy
2025-10-15 00:14:34,TRADE,100.0010092292621,4,sell
2025-10-15 00:14:35,TRADE,100.00713621311358,3,buy
2025-10-15 00:14:36,TRADE,100.0057071021153,2,sell
2025-10-15 00:14:37,TRADE,100.00630501268529,0,buy
2025-10-15 00:14:38,TRADE,100.00250225734807,3,sell
2025-10-15 00:14:39,TRADE,100.02051496919499,1,buy
2025-10-15 00:14:40,TRADE,100.02636730929167,0,sell
2025-10-15 00:14:41,TRADE,100.03264105829462,1,buy
2025-10-15 00:14:42,TRADE,100.02535236187069,1,buy
2025-10-15 00:14:43,TRADE,100.01971891401708,1,sell
2025-10-15 00:14:44,TRADE,100.02704004244487,2,buy
2025-10-15 00:14:45,TRADE,100.02422025724162,1,buy
2025-10-15 00:14:46,TRADE,100.03402402393617,1,buy
2025-10-15 00:14:47,TRADE,100.0288817662968,4,buy
2025-10-15 00:14:48,TRADE,100.02774998804917,1,buy
2025-10-15 00:14:49,TRADE,100.02674148282672,0,buy
2025-10-15 00:14:50,TRADE,100.01808122698178,1,sell
2025-10-15 00:14:51,TRADE,100.01276946406769,0,sell
2025-10-15 00:14:52,TRADE,100.00216877728954,2,buy
2025-10-15 00:14:53,TRADE,100.00329606804249,2,sell
2025-10-15 00:14:54,TRADE,100.00542320629951,0,buy
2025-10-15 00:14:55,TRADE,100.00286147031525,3,buy
2025-10-15 00:14:56,TRADE,100.01268638039137,1,sell
2025-10-15 00:14:57,TRADE,99.996390988373,3,sell
2025-10-15 00:14:58,TRADE,100.01047894255977,3,sell
2025-10-15 00:14:59,TRADE,100.00775779861559,0,sell
2025-10-15 00:15:00,TRADE,100.00842871882234,2,buy
2025-10-15 00:15:01,TRADE,100.01849520178604,1,buy
2025-10-15 00:15:02,TRADE,100.03228075989497,5,buy
2025-10-15 00:15:03,TRADE,100.019289860789,2,buy
2025-10-15 00:15:04,TRADE,100.02430504175156,2,sell
2025-10-15 00:15:05,TRADE,100.0162582735599,2,sell
2025-10-15 00:15:06,TRADE,100.00459999080027,0,buy
2025-10-15 00:15:07,TRADE,100.00047349203214,0,sell
2025-10-15 00:15:08,TRADE,99.99617599060251,1,buy
2025-10-15 00:15:09,TRADE,99.99732590097008,3,sell
2025-10-15 00:15:10,TRADE,99.99594077418607,1,sell
2025-10-15 00:15:11,TRADE,99.98691492271183,4,sell
2025-10-15 00:15:12,TRADE,99.98550199984246,0,sell
2025-10-15 00:15:13,TRADE,99.99538269361722,1,sell
2025-10-15 00:15:14,TRADE,99.9884777883526,1,buy
2025-10-15 00:15:15,TRADE,99.97111290773064,2,buy
2025-10-15 00:15:16,TRADE,99.96716527089549,5,sell
2025-10-15 00:15:17,TRADE,99.96896483671736,1,buy
2025-10-15 00:15:18,TRADE,99.95627236216299,0,sell
2025-10-15 00:15:19,TRADE,99.96857318829204,2,buy
2025-10-15 00:15:20,TRADE,99.9707364305325,0,sell
2025-10-15 00:15:21,TRADE,99.96348627465862,2,sell
2025-10-15 00:15:22,TRADE,99.96893381559268,2,sell
2025-10-15 00:15:23,TRADE,99.96705469396736,1,buy
2025-10-15 00:15:24,TRADE,99.96500332721364,3,buy
2025-10-15 00:15:25,TRADE,99.96549320515423,2,buy
2025-10-15 00:15:26,TRADE,99.96325048451072,2,sell
2025-10-15 00:15:27,TRADE,99.9580293224042,1,sell
2025-10-15 00:15:28,TRADE,99.9620314095183,2,sell
2025-10-15 00:15:29,TRADE,99.96065403804046,2,sell
2025-10-15 00:15:30,TRADE,99.96420880174584,2,buy
2025-10-15 00:15:31,TRADE,99.96221665048023,2,buy
2025-10-15 00:15:32,TRADE,99.96710554499592,0,buy
2025-10-15 00:15:33,TRADE,99.9689298281438,3,sell
2025-10-15 00:15:34,TRADE,99.96448046594718,0,sell
2025-10-15 00:15:35,TRADE,99.97241406330073,2,sell
2025-10-15 00:15:36,TRADE,99.96645099906246,3,sell
2025-10-15 00:15:37,TRADE,99.96382248355756,1,sell
2025-10-15 00:15:38,TRADE,99.95284146089215,1,sell
2025-10-15 00:15:39,TRADE,99.95648653547651,0,buy
2025-10-15 00:15:40,TRADE,99.95625939153774,0,sell
2025-10-15 00:15:41,TRADE,99.96310221302672,1,sell
2025-10-15 00:15:42,TRADE,99.95027554112036,3,sell
2025-10-15 00:15:43,TRADE,99.95456627797842,2,buy
2025-10-15 00:15:44,TRADE,99.95666852100712,2,buy
2025-10-15 00:15:45,TRADE,99.94879481397516,0,sell
2025-10-15 00:15:46,TRADE,99.95921883988306,0,sell
2025-10-15 00:15:47,TRADE,99.96447891111191,2,buy
2025-10-15 00:15:48,TRADE,99.97061366963847,1,buy
2025-10-15 00:15:49,TRADE,99.95686931408393,0,sell
2025-10-15 00:15:50,TRADE,99.95451507319646,2,sell
2025-10-15 00:15:51,TRADE,99.95422280436587,0,buy
2025-10-15 00:15:52,TRADE,99.95409393050873,1,sell
2025-10-15 00:15:53,TRADE,99.94524065731568,3,buy
2025-10-15 00:15:54,TRADE,99.93933770074757,0,buy
2025-10-15 00:15:55,TRADE,99.93674275298864,3,buy
2025-10-15 00:15:56,TRADE,99.9455164534911,0,sell
2025-10-15 00:15:57,TRADE,99.92246154300567,1,sell
2025-10-15 00:15:58,TRADE,99.92262657792145,3,sell
2025-10-15 00:15:59,TRADE,99.91728111759744,1,sell
2025-10-15 00:16:00,TRADE,99.91415414695346,1,buy
2025-10-15 00:16:01,TRADE,99.91669417619202,1,sell
2025-10-15 00:16:02,TRADE,99.90926419474388,2,sell
2025-10-15 00:16:03,TRADE,99.91403714641783,1,sell
2025-10-15 00:16:04,TRADE,99.9168752550713,0,buy
2025-10-15 00:16:05,TRADE,99.91483637065822,0,buy
2025-10-15 00:16:06,TRADE,99.9110235415142,1,sell
2025-10-15 00:16:07,TRADE,99.91498775082847,1,buy
2025-10-15 00:16:08,TRADE,99.9049611561673,0,buy
2025-10-15 00:16:09,TRADE,99.90819782904427,0,buy
2025-10-15 00:16:10,TRADE,99.92013203224155,3,buy
2025-10-15 00:16:11,TRADE,99.92201853384208,3,buy
2025-10-15 00:16:12,TRADE,99.93025546690836,1,sell
2025-10-15 00:16:13,TRADE,99.92491120149445,2,sell
2025-10-15 00:16:14,TRADE,99.91467055290866,1,buy
2025-10-15 00:16:15,TRADE,99.92009227800337,0,buy
2025-10-15 00:16:16,TRADE,99.92887900640349,1,sell
2025-10-15 00:16:17,TRADE,99.9249112522066,4,sell
2025-10-15 00:16:18,TRADE,99.92170536698526,1,buy
2025-10-15 00:16:19,TRADE,99.92647414750964,2,sell
2025-10-15 00:16:20,TRADE,99.93469065304443,0,buy
2025-10-15 00:16:21,TRADE,99.92946675260853,1,buy
2025-10-15 00:16:22,TRADE,99.93593252608193,2,buy
2025-10-15 00:16:23,TRADE,99.93026201196061,1,sell
2025-10-15 00:16:24,TRADE,99.92649839939708,2,buy
2025-10-15 00:16:25,TRADE,99.92221236256954,0,sell
2025-10-15 00:16:26,TRADE,99.91850091574418,5,buy
2025-10-15 00:16:27,TRADE,99.91726093399141,4,sell
2025-10-15 00:16:28,TRADE,99.91382764406076,0,buy
2025-10-15 00:16:29,TRADE,99.90410149241039,0,sell
2025-10-15 00:16:30,TRADE,99.90596224960133,2,sell
2025-10-15 00:16:31,TRADE,99.90603067772852,0,sell
2025-10-15 00:16:32,TRADE,99.9234722854418,3,sell
2025-10-15 00:16:33,TRADE,99.92020999366625,2,sell
2025-10-15 00:16:34,TRADE,99.91812089450843,1,sell
2025-10-15 00:16:35,TRADE,99.92079664098613,1,buy
2025-10-15 00:16:36,TRADE,99.92460732116865,3,buy
2025-10-15 00:16:37,TRADE,99.92650430622125,1,buy
2025-10-15 00:16:38,TRADE,99.92017115127369,2,sell
2025-10-15 00:16:39,TRADE,99.90584527303669,1,buy
2025-10-15 00:16:40,TRADE,99.89965926978074,2,sell
2025-10-15 00:16:41,TRADE,99.89662511445087,2,sell
2025-10-15 00:16:42,TRADE,99.90249108045155,2,sell
2025-10-15 00:16:43,TRADE,99.89990059387615,1,buy
2025-10-15 00:16:44,TRADE,99.90207367719836,0,buy
2025-10-15 00:16:45,TRADE,99.89657793842684,0,sell
2025-10-15 00:16:46,TRADE,99.89820638372343,2,buy
2025-10-15 00:16:47,TRADE,99.89547091290837,1,sell
2025-10-15 00:16:48,TRADE,99.90221022086628,2,sell
2025-10-15 00:16:49,TRADE,99.8951416050059,0,buy
2025-10-15 00:16:50,TRADE,99.90546517720293,0,buy
2025-10-15 00:16:51,TRADE,99.90532659753625,1,sell
2025-10-15 00:16:52,TRADE,99.90488578981585,1,sell
2025-10-15 00:16:53,TRADE,99.907088854029,2,sell
2025-10-15 00:16:54,TRADE,99.900583458894,2,sell
2025-10-15 00:16:55,TRADE,99.91512400482652,0,sell
2025-10-15 00:16:56,TRADE,99.9046714588798,5,buy
2025-10-15 00:16:57,TRADE,99.90347645452121,1,buy
2025-10-15 00:16:58,TRADE,99.90709160303086,5,buy
2025-10-15 00:16:59,TRADE,99.9132097231551,2,buy
2025-10-15 00:17:00,TRADE,99.90378447640362,1,buy
2025-10-15 00:17:01,TRADE,99.88731824289195,1,buy
2025-10-15 00:17:02,TRADE,99.89512471298514,2,sell
2025-10-15 00:17:03,TRADE,99.8888069894156,0,buy
2025-10-15 00:17:04,TRADE,99.89535095952404,1,sell
2025-10-15 00:17:05,TRADE,99.8986053693798,1,sell
2025-10-15 00:17:06,TRADE,99.90890114885838,0,buy
2025-10-15 00:17:07,TRADE,99.89634703214422,2,sell
2025-10-15 00:17:08,TRADE,99.89591848693905,1,sell
2025-10-15 00:17:09,TRADE,99.8922425030172,0,buy
2025-10-15 00:17:10,TRADE,99.90128422113392,0,buy
2025-10-15 00:17:11,TRADE,99.89527758019639,3,buy
2025-10-15 00:17:12,TRADE,99.89704185084419,0,sell
2025-10-15 00:17:13,TRADE,99.88892977152483,0,buy
2025-10-15 00:17:14,TRADE,99.88910814554019,1,sell
2025-10-15 00:17:15,TRADE,99.89281949132146,1,sell
2025-10-15 00:17:16,TRADE,99.9096863818075,0,buy
2025-10-15 00:17:17,TRADE,99.9093190554404,2,sell
2025-10-15 00:17:18,TRADE,99.89645463605048,1,sell
2025-10-15 00:17:19,TRADE,99.8887721325583,2,buy
2025-10-15 00:17:20,TRADE,99.88267178360512,4,sell
2025-10-15 00:17:21,TRADE,99.88722708985213,2,sell
2025-10-15 00:17:22,TRADE,99.89175035290205,1,sell
2025-10-15 00:17:23,TRADE,99.8917771662775,2,sell
2025-10-15 00:17:24,TRADE,99.88633248937663,3,sell
2025-10-15 00:17:25,TRADE,99.89677401266594,1,sell
2025-10-15 00:17:26,TRADE,99.8995147436614,3,buy
2025-10-15 00:17:27,TRADE,99.8914919225106,0,buy
2025-10-15 00:17:28,TRADE,99.89575407127536,4,sell
2025-10-15 00:17:29,TRADE,99.90153434564692,2,sell
2025-10-15 00:17:30,TRADE,99.90154207924496,0,sell
2025-10-15 00:17:31,TRADE,99.90480835700727,3,sell
2025-10-15 00:17:32,TRADE,99.91791287036888,1,sell
2025-10-15 00:17:33,TRADE,99.90495163306015,2,sell
2025-10-15 00:17:34,TRADE,99.90324883332066,3,sell
2025-10-15 00:17:35,TRADE,99.91208686800883,2,buy
2025-10-15 00:17:36,TRADE,99.91951139459071,4,sell
2025-10-15 00:17:37,TRADE,99.91108670528516,2,sell
2025-10-15 00:17:38,TRADE,99.90893574726442,3,sell
2025-10-15 00:17:39,TRADE,99.89855945043284,1,sell
2025-10-15 00:17:40,TRADE,99.89674825729361,0,buy
2025-10-15 00:17:41,TRADE,99.89642784107802,1,buy
2025-10-15 00:17:42,TRADE,99.89306683403412,1,buy
2025-10-15 00:17:43,TRADE,99.90295053738522,2,buy
2025-10-15 00:17:44,TRADE,99.90126427241171,2,sell
2025-10-15 00:17:45,TRADE,99.89028644383627,0,buy
2025-10-15 00:17:46,TRADE,99.89628238009249,0,buy
2025-10-15 00:17:47,TRADE,99.88003213195721,0,sell
2025-10-15 00:17:48,TRADE,99.8852899287137,0,buy
2025-10-15 00:17:49,TRADE,99.89586933717052,0,sell
2025-10-15 00:17:50,TRADE,99.89503402794854,1,buy
2025-10-15 00:17:51,TRADE,99.89409912094708,1,sell
2025-10-15 00:17:52,TRADE,99.89266075903079,0,sell
2025-10-15 00:17:53,TRADE,99.88751279382525,0,buy
2025-10-15 00:17:54,TRADE,99.88879676094595,2,sell
2025-10-15 00:17:55,TRADE,99.89750114294755,1,buy
2025-10-15 00:17:56,TRADE,99.89205890750964,0,buy
2025-10-15 00:17:57,TRADE,99.89340889279948,2,sell
2025-10-15 00:17:58,TRADE,99.89972640733095,1,buy
2025-10-15 00:17:59,TRADE,99.89608394163129,3,sell
2025-10-15 00:18:00,TRADE,99.90583591670006,2,sell
2025-10-15 00:18:01,TRADE,99.89672485986345,1,buy
2025-10-15 00:18:02,TRADE,99.89725097680132,1,sell
2025-10-15 00:18:03,TRADE,99.90162515014896,2,buy
2025-10-15 00:18:04,TRADE,99.89829115286187,1,buy
2025-10-15 00:18:05,TRADE,99.89232406841842,1,sell
2025-10-15 00:18:06,TRADE,99.90577168071977,3,buy
2025-10-15 00:18:07,TRADE,99.90163628592174,3,sell
2025-10-15 00:18:08,TRADE,99.89910681272896,2,sell
2025-10-15 00:18:09,TRADE,99.91287141849284,1,buy
2025-10-15 00:18:10,TRADE,99.91194807820366,1,sell
2025-10-15 00:18:11,TRADE,99.90987599807502,2,buy
2025-10-15 00:18:12,TRADE,99.91410628451963,1,buy
2025-10-15 00:18:13,TRADE,99.91272464180568,2,buy
2025-10-15 00:18:14,TRADE,99.91457529382429,2,sell
2025-10-15 00:18:15,TRADE,99.91898041731022,2,buy
2025-10-15 00:18:16,TRADE,99.91744670815301,1,sell
2025-10-15 00:18:17,TRADE,99.91981618910637,0,sell
2025-10-15 00:18:18,TRADE,99.92545544926925,0,buy
2025-10-15 00:18:19,TRADE,99.93604307817365,0,sell
2025-10-15 00:18:20,TRADE,99.93558216769247,3,sell
2025-10-15 00:18:21,TRADE,99.92022371281841,3,buy
2025-10-15 00:18:22,TRADE,99.91779595508896,0,sell
2025-10-15 00:18:23,TRADE,99.9057111470792,0,buy
2025-10-15 00:18:24,TRADE,99.91423480288039,3,sell
2025-10-15 00:18:25,TRADE,99.91323720689516,2,sell
2025-10-15 00:18:26,TRADE,99.9244142871882,1,buy
2025-10-15 00:18:27,TRADE,99.93719990720246,4,buy
2025-10-15 00:18:28,TRADE,99.93550077097477,1,buy
2025-10-15 00:18:29,TRADE,99.94770169783047,1,buy
2025-10-15 00:18:30,TRADE,99.95719354557102,2,buy
2025-10-15 00:18:31,TRADE,99.95120036058492,4,sell
2025-10-15 00:18:32,TRADE,99.94587817051267,3,sell
2025-10-15 00:18:33,TRADE,99.94713188864033,0,sell
2025-10-15 00:18:34,TRADE,99.95241384548433,4,sell
2025-10-15 00:18:35,TRADE,99.9511282071122,0,sell
2025-10-15 00:18:36,TRADE,99.95993210256066,3,sell
2025-10-15 00:18:37,TRADE,99.95551797258899,2,buy
2025-10-15 00:18:38,TRADE,99.95584484572987,2,sell
2025-10-15 00:18:39,TRADE,99.95126730826345,2,sell
2025-10-15 00:18:40,TRADE,99.95816961864983,0,buy
2025-10-15 00:18:41,TRADE,99.95814323122617,0,sell
2025-10-15 00:18:42,TRADE,99.9492394424685,2,buy
2025-10-15 00:18:43,TRADE,99.9436941851961,2,buy
2025-10-15 00:18:44,TRADE,99.9423699416052,1,sell
2025-10-15 00:18:45,TRADE,99.92937661993567,2,sell
2025-10-15 00:18:46,TRADE,99.92533704399801,1,sell
2025-10-15 00:18:47,TRADE,99.94847270878165,3,sell
2025-10-15 00:18:48,TRADE,99.9377561485978,2,buy
2025-10-15 00:18:49,TRADE,99.93609385162317,1,buy
2025-10-15 00:18:50,TRADE,99.93761473419366,5,sell
2025-10-15 00:18:51,TRADE,99.94351189574991,1,sell
2025-10-15 00:18:52,TRADE,99.94297366364823,2,buy
2025-10-15 00:18:53,TRADE,99.9314575590362,4,sell
2025-10-15 00:18:54,TRADE,99.94796804288075,2,sell
2025-10-15 00:18:55,TRADE,99.9454922962685,3,buy
2025-10-15 00:18:56,TRADE,99.9467769648423,0,buy
2025-10-15 00:18:57,TRADE,99.9446305534753,1,buy
2025-10-15 00:18:58,TRADE,99.94642355177244,1,sell
2025-10-15 00:18:59,TRADE,99.96135300803081,3,buy
2025-10-15 00:19:00,TRADE,99.93763540368822,1,buy
2025-10-15 00:19:01,TRADE,99.9402802935562,0,sell
2025-10-15 00:19:02,TRADE,99.93996109757082,1,sell
2025-10-15 00:19:03,TRADE,99.94600863999801,1,sell
2025-10-15 00:19:04,TRADE,99.93548307164082,3,buy
2025-10-15 00:19:05,TRADE,99.91805570091569,2,sell
2025-10-15 00:19:06,TRADE,99.91920229542542,0,buy
2025-10-15 00:19:07,TRADE,99.91802519465985,0,sell
2025-10-15 00:19:08,TRADE,99.91541620124937,3,sell
2025-10-15 00:19:09,TRADE,99.92137008662414,3,buy
2025-10-15 00:19:10,TRADE,99.92341931295209,1,sell
2025-10-15 00:19:11,TRADE,99.91537220110573,2,sell
2025-10-15 00:19:12,TRADE,99.91678395052011,1,buy
2025-10-15 00:19:13,TRADE,99.9137409577264,1,sell
2025-10-15 00:19:14,TRADE,99.91117730363877,0,buy
2025-10-15 00:19:15,TRADE,99.91683222066469,1,buy
2025-10-15 00:19:16,TRADE,99.91002380497527,3,sell
2025-10-15 00:19:17,TRADE,99.90458426798298,1,buy
2025-10-15 00:19:18,TRADE,99.90872521146707,0,sell
2025-10-15 00:19:19,TRADE,99.90357468680595,1,sell
2025-10-15 00:19:20,TRADE,99.90113297593956,2,buy
2025-10-15 00:19:21,TRADE,99.90667513424883,3,buy
2025-10-15 00:19:22,TRADE,99.90387281361883,3,sell
2025-10-15 00:19:23,TRADE,99.90229205304881,2,sell
2025-10-15 00:19:24,TRADE,99.90280166828093,0,buy
2025-10-15 00:19:25,TRADE,99.88930283615626,1,sell
2025-10-15 00:19:26,TRADE,99.8942866477018,2,sell
2025-10-15 00:19:27,TRADE,99.88862129337168,3,buy
2025-10-15 00:19:28,TRADE,99.90360337888164,2,buy
2025-10-15 00:19:29,TRADE,99.89755233391908,1,sell
2025-10-15 00:19:30,TRADE,99.89694959989521,2,sell
2025-10-15 00:19:31,TRADE,99.90105869552615,1,buy
2025-10-15 00:19:32,TRADE,99.88576119240342,1,buy
2025-10-15 00:19:33,TRADE,99.89315930356157,1,buy
2025-10-15 00:19:34,TRADE,99.90795334055231,0,buy
2025-10-15 00:19:35,TRADE,99.90071845777423,1,buy
2025-10-15 00:19:36,TRADE,99.89251351592918,2,sell
2025-10-15 00:19:37,TRADE,99.88374988895607,3,buy
2025-10-15 00:19:38,TRADE,99.89397779709188,0,buy
2025-10-15 00:19:39,TRADE,99.89473720149417,2,sell
2025-10-15 00:19:40,TRADE,99.88847208786983,3,sell
2025-10-15 00:19:41,TRADE,99.88399072783936,4,buy
2025-10-15 00:19:42,TRADE,99.88240203092008,2,buy
2025-10-15 00:19:43,TRADE,99.86712784435962,1,sell
2025-10-15 00:19:44,TRADE,99.86128560428207,1,sell
2025-10-15 00:19:45,TRADE,99.85458754598953,1,buy
2025-10-15 00:19:46,TRADE,99.86132581239353,0,buy
2025-10-15 00:19:47,TRADE,99.87875445074047,2,sell
2025-10-15 00:19:48,TRADE,99.88317218584318,0,buy
2025-10-15 00:19:49,TRADE,99.86284663651838,1,sell
2025-10-15 00:19:50,TRADE,99.86906320686397,2,sell
2025-10-15 00:19:51,TRADE,99.87722797787865,0,sell
2025-10-15 00:19:52,TRADE,99.86568192129438,2,buy
2025-10-15 00:19:53,TRADE,99.86578415974049,1,sell
2025-10-15 00:19:54,TRADE,99.87391699077189,1,buy
2025-10-15 00:19:55,TRADE,99.88298794634551,0,sell
2025-10-15 00:19:56,TRADE,99.88245493164325,0,sell
2025-10-15 00:19:57,TRADE,99.88893185912221,2,buy
2025-10-15 00:19:58,TRADE,99.89109228746045,2,sell
2025-10-15 00:19:59,TRADE,99.90228683920253,3,sell
2025-10-15 00:20:00,TRADE,99.90677598689138,2,sell
2025-10-15 00:20:01,TRADE,99.90132194989371,0,sell
2025-10-15 00:20:02,TRADE,99.9072466373904,4,buy
2025-10-15 00:20:03,TRADE,99.91786823918024,0,sell
2025-10-15 00:20:04,TRADE,99.9159968045037,0,buy
2025-10-15 00:20:05,TRADE,99.9053740954663,0,buy
2025-10-15 00:20:06,TRADE,99.90007558695932,5,buy
2025-10-15 00:20:07,TRADE,99.88616533457463,2,sell
2025-10-15 00:20:08,TRADE,99.8904974261982,1,sell
2025-10-15 00:20:09,TRADE,99.90053115839241,0,sell
2025-10-15 00:20:10,TRADE,99.89144523866578,1,sell
2025-10-15 00:20:11,TRADE,99.8847246398065,1,buy
2025-10-15 00:20:12,TRADE,99.87756651446787,3,sell
2025-10-15 00:20:13,TRADE,99.87581217139365,1,buy
2025-10-15 00:20:14,TRADE,99.88473398198985,2,buy
2025-10-15 00:20:15,TRADE,99.88803526764627,3,buy
2025-10-15 00:20:16,TRADE,99.8940606041689,0,sell
2025-10-15 00:20:17,TRADE,99.88934653485752,2,buy
2025-10-15 00:20:18,TRADE,99.88731467888614,2,buy
2025-10-15 00:20:19,TRADE,99.88273318312521,2,sell
2025-10-15 00:20:20,TRADE,99.8899504771075,2,buy
2025-10-15 00:20:21,TRADE,99.89675042034236,3,sell
2025-10-15 00:20:22,TRADE,99.89012725237285,3,sell
2025-10-15 00:20:23,TRADE,99.89294502393807,1,buy
2025-10-15 00:20:24,TRADE,99.88952110724375,1,sell
2025-10-15 00:20:25,TRADE,99.87316265379445,0,sell
2025-10-15 00:20:26,TRADE,99.89022721724726,0,sell
2025-10-15 00:20:27,TRADE,99.88252250254523,5,sell
2025-10-15 00:20:28,TRADE,99.8892010598379,1,buy
2025-10-15 00:20:29,TRADE,99.88126549621369,1,buy
2025-10-15 00:20:30,TRADE,99.89339954066912,0,sell
2025-10-15 00:20:31,TRADE,99.90794364758521,3,sell
2025-10-15 00:20:32,TRADE,99.9104268630647,1,buy
2025-10-15 00:20:33,TRADE,99.90032526036636,1,buy
2025-10-15 00:20:34,TRADE,99.89365728947918,3,buy
2025-10-15 00:20:35,TRADE,99.89297568211362,1,buy
2025-10-15 00:20:36,TRADE,99.88485769426948,1,buy
2025-10-15 00:20:37,TRADE,99.89774956053675,3,sell
2025-10-15 00:20:38,TRADE,99.90346951692463,2,sell
2025-10-15 00:20:39,TRADE,99.91279278123176,1,buy
2025-10-15 00:20:40,TRADE,99.89901582995276,1,buy
2025-10-15 00:20:41,TRADE,99.89771215680179,2,sell
2025-10-15 00:20:42,TRADE,99.89365560748294,2,buy
2025-10-15 00:20:43,TRADE,99.88677728292318,2,buy
2025-10-15 00:20:44,TRADE,99.8906057837022,2,buy
2025-10-15 00:20:45,TRADE,99.88938407710013,0,sell
2025-10-15 00:20:46,TRADE,99.90246435916946,0,buy
2025-10-15 00:20:47,TRADE,99.87879877281146,3,buy
2025-10-15 00:20:48,TRADE,99.8852796648522,1,buy
2025-10-15 00:20:49,TRADE,99.89287870945631,3,sell
2025-10-15 00:20:50,TRADE,99.88971163005189,2,sell
2025-10-15 00:20:51,TRADE,99.9003620195862,5,buy
2025-10-15 00:20:52,TRADE,99.91499356224432,0,sell
2025-10-15 00:20:53,TRADE,99.90503217320628,3,buy
2025-10-15 00:20:54,TRADE,99.91179681401954,2,buy
2025-10-15 00:20:55,TRADE,99.90310220087615,1,buy
2025-10-15 00:20:56,TRADE,99.91450005684618,5,buy
2025-10-15 00:20:57,TRADE,99.91309492193463,1,buy
2025-10-15 00:20:58,TRADE,99.91584719260902,3,sell
2025-10-15 00:20:59,TRADE,99.91891931508783,1,buy
2025-10-15 00:21:00,TRADE,99.9131111447418,0,buy
2025-10-15 00:21:01,TRADE,99.90658805582183,0,buy
2025-10-15 00:21:02,TRADE,99.8945468151299,2,sell
2025-10-15 00:21:03,TRADE,99.90711812513871,2,buy
2025-10-15 00:21:04,TRADE,99.89703058574374,4,sell
2025-10-15 00:21:05,TRADE,99.91228910761245,2,buy
2025-10-15 00:21:06,TRADE,99.91938463377784,3,buy
2025-10-15 00:21:07,TRADE,99.90136679314753,1,buy
2025-10-15 00:21:08,TRADE,99.92420341999481,3,buy
2025-10-15 00:21:09,TRADE,99.91498714312829,0,sell
2025-10-15 00:21:10,TRADE,99.92623563592912,1,sell
2025-10-15 00:21:11,TRADE,99.92101649708971,3,buy
2025-10-15 00:21:12,TRADE,99.93259864536473,1,buy
2025-10-15 00:21:13,TRADE,99.93530513544182,2,sell
2025-10-15 00:21:14,TRADE,99.9482275153341,2,sell
2025-10-15 00:21:15,TRADE,99.95757243834464,0,buy
2025-10-15 00:21:16,TRADE,99.95008654908787,2,buy
2025-10-15 00:21:17,TRADE,99.95798187729571,1,sell
2025-10-15 00:21:18,TRADE,99.95435280048623,2,buy
2025-10-15 00:21:19,TRADE,99.9509231000047,0,buy
2025-10-15 00:21:20,TRADE,99.96366011423035,0,buy
2025-10-15 00:21:21,TRADE,99.95242760437105,3,sell
2025-10-15 00:21:22,TRADE,99.94547045993014,1,sell
2025-10-15 00:21:23,TRADE,99.95005390051135,0,sell
2025-10-15 00:21:24,TRADE,99.94757753140824,1,sell
2025-10-15 00:21:25,TRADE,99.94753925476338,3,buy
2025-10-15 00:21:26,TRADE,99.94321559889427,1,buy
2025-10-15 00:21:27,TRADE,99.94923884647118,4,sell
2025-10-15 00:21:28,TRADE,99.92729060703417,2,buy
2025-10-15 00:21:29,TRADE,99.93058562536382,2,sell
2025-10-15 00:21:30,TRADE,99.93087876688762,0,buy
2025-10-15 00:21:31,TRADE,99.94086776175185,3,sell
2025-10-15 00:21:32,TRADE,99.93520319449817,2,sell
2025-10-15 00:21:33,TRADE,99.93940534904083,2,buy
2025-10-15 00:21:34,TRADE,99.9222006593361,0,sell
2025-10-15 00:21:35,TRADE,99.94149330707596,2,sell
2025-10-15 00:21:36,TRADE,99.92968257981586,0,buy
2025-10-15 00:21:37,TRADE,99.92792402161531,2,sell
2025-10-15 00:21:38,TRADE,99.92757980103421,0,buy
2025-10-15 00:21:39,TRADE,99.9186509251712,1,sell
2025-10-15 00:21:40,TRADE,99.91646708434497,2,sell
2025-10-15 00:21:41,TRADE,99.92168902151764,0,buy
2025-10-15 00:21:42,TRADE,99.92034754346932,1,buy
2025-10-15 00:21:43,TRADE,99.91887386640205,1,sell
2025-10-15 00:21:44,TRADE,99.92768902883155,1,buy
2025-10-15 00:21:45,TRADE,99.92842273064264,2,buy
2025-10-15 00:21:46,TRADE,99.94134152686871,3,sell
2025-10-15 00:21:47,TRADE,99.9453438160051,1,buy
2025-10-15 00:21:48,TRADE,99.93331853707845,4,sell
2025-10-15 00:21:49,TRADE,99.95115885524264,1,buy
2025-10-15 00:21:50,TRADE,99.94082206931934,0,sell
2025-10-15 00:21:51,TRADE,99.93644787178864,2,sell
2025-10-15 00:21:52,TRADE,99.91614014644018,1,sell
2025-10-15 00:21:53,TRADE,99.9220309484044,2,buy
2025-10-15 00:21:54,TRADE,99.92304601081958,0,sell
2025-10-15 00:21:55,TRADE,99.92641842436015,2,sell
2025-10-15 00:21:56,TRADE,99.92536188905953,1,buy
2025-10-15 00:21:57,TRADE,99.93443674444062,3,buy
2025-10-15 00:21:58,TRADE,99.93328857223841,0,buy
2025-10-15 00:21:59,TRADE,99.9323249839428,2,buy
2025-10-15 00:22:00,TRADE,99.93425394756824,3,buy
2025-10-15 00:22:01,TRADE,99.92076913241483,2,sell
2025-10-15 00:22:02,TRADE,99.91079797577981,1,sell
2025-10-15 00:22:03,TRADE,99.91025161050979,0,sell
2025-10-15 00:22:04,TRADE,99.91692644660617,1,sell
2025-10-15 00:22:05,TRADE,99.9213489660483,0,sell
2025-10-15 00:22:06,TRADE,99.91390460132544,1,sell
2025-10-15 00:22:07,TRADE,99.90631537149102,0,sell
2025-10-15 00:22:08,TRADE,99.90341807617871,0,sell
2025-10-15 00:22:09,TRADE,99.92391038887666,2,buy
2025-10-15 00:22:10,TRADE,99.92344973881843,1,buy
2025-10-15 00:22:11,TRADE,99.92704691148609,4,buy
2025-10-15 00:22:12,TRADE,99.9304814841542,2,sell
2025-10-15 00:22:13,TRADE,99.93199199677765,2,sell
2025-10-15 00:22:14,TRADE,99.93270604311724,0,sell
2025-10-15 00:22:15,TRADE,99.91003280033642,2,sell
2025-10-15 00:22:16,TRADE,99.9169894357586,0,buy
2025-10-15 00:22:17,TRADE,99.93031404180792,1,sell
2025-10-15 00:22:18,TRADE,99.91429670584793,0,buy
2025-10-15 00:22:19,TRADE,99.929979946948,2,sell
2025-10-15 00:22:20,TRADE,99.92340023662103,4,sell
2025-10-15 00:22:21,TRADE,99.91506451212608,1,buy
2025-10-15 00:22:22,TRADE,99.92303908532854,1,sell
2025-10-15 00:22:23,TRADE,99.92635899277674,2,sell
2025-10-15 00:22:24,TRADE,99.92479977075298,4,sell
2025-10-15 00:22:25,TRADE,99.9179964613646,0,buy
2025-10-15 00:22:26,TRADE,99.914556376187,1,buy
2025-10-15 00:22:27,TRADE,99.91410205549508,1,buy
2025-10-15 00:22:28,TRADE,99.92755960868995,1,buy
2025-10-15 00:22:29,TRADE,99.92369946922754,1,buy
2025-10-15 00:22:30,TRADE,99.90146756343681,0,sell
2025-10-15 00:22:31,TRADE,99.9027841055373,4,buy
2025-10-15 00:22:32,TRADE,99.90500402086569,6,sell
2025-10-15 00:22:33,TRADE,99.90684404361618,0,sell
2025-10-15 00:22:34,TRADE,99.89910270829743,1,buy
2025-10-15 00:22:35,TRADE,99.90130053022538,0,sell
2025-10-15 00:22:36,TRADE,99.91411440306926,2,sell
2025-10-15 00:22:37,TRADE,99.9093558533264,1,sell
2025-10-15 00:22:38,TRADE,99.91105427499475,3,buy
2025-10-15 00:22:39,TRADE,99.90047613698543,3,sell
2025-10-15 00:22:40,TRADE,99.91205470360751,1,sell
2025-10-15 00:22:41,TRADE,99.90541017089916,1,sell
2025-10-15 00:22:42,TRADE,99.90520537286956,1,buy
2025-10-15 00:22:43,TRADE,99.89858392878368,0,buy
2025-10-15 00:22:44,TRADE,99.89389017626767,1,buy
2025-10-15 00:22:45,TRADE,99.89845422795474,1,buy
2025-10-15 00:22:46,TRADE,99.88819543204067,1,buy
2025-10-15 00:22:47,TRADE,99.89129012918563,1,sell
2025-10-15 00:22:48,TRADE,99.90178542125474,3,buy
2025-10-15 00:22:49,TRADE,99.90997197568954,3,buy
2025-10-15 00:22:50,TRADE,99.90790826168775,0,buy
2025-10-15 00:22:51,TRADE,99.90913870027033,1,sell
2025-10-15 00:22:52,TRADE,99.89976385181731,1,buy
2025-10-15 00:22:53,TRADE,99.91430948921231,2,sell
2025-10-15 00:22:54,TRADE,99.91679078558298,0,sell
2025-10-15 00:22:55,TRADE,99.9282125889129,1,sell
2025-10-15 00:22:56,TRADE,99.90138704758722,2,buy
2025-10-15 00:22:57,TRADE,99.89122995461919,0,sell
2025-10-15 00:22:58,TRADE,99.89856465194022,1,buy
2025-10-15 00:22:59,TRADE,99.90716063085225,1,buy
2025-10-15 00:23:00,TRADE,99.90224364171249,2,buy
2025-10-15 00:23:01,TRADE,99.9111754855871,1,sell
2025-10-15 00:23:02,TRADE,99.89226836983434,2,sell
2025-10-15 00:23:03,TRADE,99.89559974731877,1,buy
2025-10-15 00:23:04,TRADE,99.89576795314764,3,buy
2025-10-15 00:23:05,TRADE,99.89793888202756,0,buy
2025-10-15 00:23:06,TRADE,99.9088719011754,0,sell
2025-10-15 00:23:07,TRADE,99.89880988210085,0,buy
2025-10-15 00:23:08,TRADE,99.89189798053101,1,sell
2025-10-15 00:23:09,TRADE,99.9043924542513,1,sell
2025-10-15 00:23:10,TRADE,99.91577901345757,0,sell
2025-10-15 00:23:11,TRADE,99.90356894597315,2,sell
2025-10-15 00:23:12,TRADE,99.90824810813827,0,buy
2025-10-15 00:23:13,TRADE,99.91957713663615,2,sell
2025-10-15 00:23:14,TRADE,99.90768053792141,1,buy
2025-10-15 00:23:15,TRADE,99.92549720027515,3,sell
2025-10-15 00:23:16,TRADE,99.91386370627417,0,buy
2025-10-15 00:23:17,TRADE,99.91196694892982,1,buy
2025-10-15 00:23:18,TRADE,99.9066043105714,2,buy
2025-10-15 00:23:19,TRADE,99.89303361176286,0,sell
2025-10-15 00:23:20,TRADE,99.89021476713442,1,buy
2025-10-15 00:23:21,TRADE,99.89168500957649,2,sell
2025-10-15 00:23:22,TRADE,99.88844630600035,0,buy
2025-10-15 00:23:23,TRADE,99.89370617393124,2,sell
2025-10-15 00:23:24,TRADE,99.89753108318365,3,buy
2025-10-15 00:23:25,TRADE,99.90916013648632,0,buy
2025-10-15 00:23:26,TRADE,99.90519268878629,1,buy
2025-10-15 00:23:27,TRADE,99.89937628183509,1,sell
2025-10-15 00:23:28,TRADE,99.8986255410502,2,sell
2025-10-15 00:23:29,TRADE,99.89958040076449,1,buy
2025-10-15 00:23:30,TRADE,99.9045527922426,1,sell
2025-10-15 00:23:31,TRADE,99.91183471400055,1,sell
2025-10-15 00:23:32,TRADE,99.90081982993692,1,buy
2025-10-15 00:23:33,TRADE,99.91542430205571,0,sell
2025-10-15 00:23:34,TRADE,99.8993189502526,2,buy
2025-10-15 00:23:35,TRADE,99.91438072970473,1,buy
2025-10-15 00:23:36,TRADE,99.91322113936955,0,sell
2025-10-15 00:23:37,TRADE,99.92492226958987,3,sell
2025-10-15 00:23:38,TRADE,99.9102277124501,1,buy
2025-10-15 00:23:39,TRADE,99.90791308203644,0,buy
2025-10-15 00:23:40,TRADE,99.91467186119088,2,sell
2025-10-15 00:23:41,TRADE,99.8977615960103,3,buy
2025-10-15 00:23:42,TRADE,99.90051716376344,1,sell
2025-10-15 00:23:43,TRADE,99.89290845703881,0,buy
2025-10-15 00:23:44,TRADE,99.89117150669527,3,sell
2025-10-15 00:23:45,TRADE,99.88923526794235,0,sell
2025-10-15 00:23:46,TRADE,99.88139278845493,1,sell
2025-10-15 00:23:47,TRADE,99.88178165139672,2,sell
2025-10-15 00:23:48,TRADE,99.87800248385223,1,sell
2025-10-15 00:23:49,TRADE,99.89045455749374,1,buy
2025-10-15 00:23:50,TRADE,99.88635283418141,0,sell
2025-10-15 00:23:51,TRADE,99.872370353984,3,sell
2025-10-15 00:23:52,TRADE,99.87685676943812,2,buy
2025-10-15 00:23:53,TRADE,99.88031487952945,3,buy
2025-10-15 00:23:54,TRADE,99.88299964115046,2,buy
2025-10-15 00:23:55,TRADE,99.87411979944292,1,buy
2025-10-15 00:23:56,TRADE,99.88951314572952,4,sell
2025-10-15 00:23:57,TRADE,99.8893063615957,1,sell
2025-10-15 00:23:58,TRADE,99.88490554921093,1,sell
2025-10-15 00:23:59,TRADE,99.89681216661499,2,sell
2025-10-15 00:24:00,TRADE,99.90847706747317,1,buy
2025-10-15 00:24:01,TRADE,99.90053655194806,0,sell
2025-10-15 00:24:02,TRADE,99.909173299504,0,sell
2025-10-15 00:24:03,TRADE,99.91356055704333,3,buy
2025-10-15 00:24:04,TRADE,99.9053698186015,3,sell
2025-10-15 00:24:05,TRADE,99.92224471604322,1,buy
2025-10-15 00:24:06,TRADE,99.92219181185621,2,buy
2025-10-15 00:24:07,TRADE,99.92572743005367,3,buy
2025-10-15 00:24:08,TRADE,99.92635529023376,1,sell
2025-10-15 00:24:09,TRADE,99.93216566336628,3,buy
2025-10-15 00:24:10,TRADE,99.92649846696376,1,sell
2025-10-15 00:24:11,TRADE,99.91820897194467,1,buy
2025-10-15 00:24:12,TRADE,99.91687926646017,1,sell
2025-10-15 00:24:13,TRADE,99.91933422473424,3,sell
2025-10-15 00:24:14,TRADE,99.92888078213157,0,buy
2025-10-15 00:24:15,TRADE,99.94402900301671,2,sell
2025-10-15 00:24:16,TRADE,99.93772878859617,2,buy
2025-10-15 00:24:17,TRADE,99.94041567753958,0,sell
2025-10-15 00:24:18,TRADE,99.95981846246859,1,buy
2025-10-15 00:24:19,TRADE,99.94682679328947,2,sell
2025-10-15 00:24:20,TRADE,99.9449466999361,1,sell
2025-10-15 00:24:21,TRADE,99.95145814857187,2,buy
2025-10-15 00:24:22,TRADE,99.95928003440434,3,buy
2025-10-15 00:24:23,TRADE,99.97483891308691,6,sell
2025-10-15 00:24:24,TRADE,99.9653073372959,1,buy
2025-10-15 00:24:25,TRADE,99.9780478333789,2,buy
2025-10-15 00:24:26,TRADE,99.98097635831049,1,buy
2025-10-15 00:24:27,TRADE,99.98853450222995,1,sell
2025-10-15 00:24:28,TRADE,99.97737284691324,0,buy
2025-10-15 00:24:29,TRADE,99.98393604017409,2,sell
2025-10-15 00:24:30,TRADE,99.99349209205751,3,sell
2025-10-15 00:24:31,TRADE,99.97725220848108,1,buy
2025-10-15 00:24:32,TRADE,99.99467212412529,0,buy
2025-10-15 00:24:33,TRADE,99.98319625086329,4,sell
2025-10-15 00:24:34,TRADE,99.97967917382468,3,sell
2025-10-15 00:24:35,TRADE,99.98736834704766,3,sell
2025-10-15 00:24:36,TRADE,99.9849071721151,1,buy
2025-10-15 00:24:37,TRADE,99.9828054540268,3,buy
2025-10-15 00:24:38,TRADE,99.98372900763825,1,buy
2025-10-15 00:24:39,TRADE,99.98921738073297,1,sell
2025-10-15 00:24:40,TRADE,99.98710931406846,3,buy
2025-10-15 00:24:41,TRADE,99.99560014855788,1,buy
2025-10-15 00:24:42,TRADE,99.98852625351049,1,sell
2025-10-15 00:24:43,TRADE,99.98972854802604,1,buy
2025-10-15 00:24:44,TRADE,99.99406099700828,2,sell
2025-10-15 00:24:45,TRADE,100.01089245826473,2,buy
2025-10-15 00:24:46,TRADE,100.00906036118847,2,sell
2025-10-15 00:24:47,TRADE,100.00116209557056,0,buy
2025-10-15 00:24:48,TRADE,100.00371408823733,0,buy
2025-10-15 00:24:49,TRADE,100.00502637128754,1,sell
2025-10-15 00:24:50,TRADE,100.01499865806859,3,buy
2025-10-15 00:24:51,TRADE,100.00712009885643,0,buy
2025-10-15 00:24:52,TRADE,100.0011511196976,4,buy
2025-10-15 00:24:53,TRADE,100.01250592562145,0,sell
2025-10-15 00:24:54,TRADE,100.02043851112923,1,buy
2025-10-15 00:24:55,TRADE,100.01766522225627,0,sell
2025-10-15 00:24:56,TRADE,100.01977281936631,2,buy
2025-10-15 00:24:57,TRADE,100.00254865784915,2,sell
2025-10-15 00:24:58,TRADE,99.99906339462932,2,sell
2025-10-15 00:24:59,TRADE,100.00949630620839,4,sell
2025-10-15 00:25:00,TRADE,100.01001423575923,4,sell
2025-10-15 00:25:01,TRADE,100.0066447017728,2,sell
2025-10-15 00:25:02,TRADE,100.02177705115128,0,buy
2025-10-15 00:25:03,TRADE,100.02086494432889,3,sell
2025-10-15 00:25:04,TRADE,100.02984708816889,0,sell
2025-10-15 00:25:05,TRADE,100.01907000263921,0,buy
2025-10-15 00:25:06,TRADE,100.01971537967995,0,sell
2025-10-15 00:25:07,TRADE,100.02684822216008,1,sell
2025-10-15 00:25:08,TRADE,100.02634903200544,1,sell
2025-10-15 00:25:09,TRADE,100.0278541996867,1,buy
2025-10-15 00:25:10,TRADE,100.03102403840938,2,sell
2025-10-15 00:25:11,TRADE,100.0268762130868,2,sell
2025-10-15 00:25:12,TRADE,100.02114076841846,0,buy
2025-10-15 00:25:13,TRADE,100.02916854251886,2,sell
2025-10-15 00:25:14,TRADE,100.02629028950982,2,sell
2025-10-15 00:25:15,TRADE,100.01107815403432,1,buy
2025-10-15 00:25:16,TRADE,100.01870708900482,0,buy
2025-10-15 00:25:17,TRADE,100.01171989297086,3,buy
2025-10-15 00:25:18,TRADE,100.02189632957025,1,sell
2025-10-15 00:25:19,TRADE,100.0158300765583,2,sell
2025-10-15 00:25:20,TRADE,100.02255879782328,0,sell
2025-10-15 00:25:21,TRADE,100.02157674870787,4,buy
2025-10-15 00:25:22,TRADE,100.03739983877931,0,sell
2025-10-15 00:25:23,TRADE,100.0222894161112,1,sell
2025-10-15 00:25:24,TRADE,100.02611803203591,0,sell
2025-10-15 00:25:25,TRADE,100.03325706341577,2,buy
2025-10-15 00:25:26,TRADE,100.03361041586003,1,buy
2025-10-15 00:25:27,TRADE,100.03573998436265,2,buy
2025-10-15 00:25:28,TRADE,100.02567632103515,0,sell
2025-10-15 00:25:29,TRADE,100.01832487841786,2,sell
2025-10-15 00:25:30,TRADE,100.01858993352677,1,buy
2025-10-15 00:25:31,TRADE,100.01575676852384,1,sell
2025-10-15 00:25:32,TRADE,100.01384093477081,1,buy
2025-10-15 00:25:33,TRADE,100.01674360865894,3,sell
2025-10-15 00:25:34,TRADE,100.02183082575532,2,sell
2025-10-15 00:25:35,TRADE,100.03517874415833,3,buy
2025-10-15 00:25:36,TRADE,100.01288152225268,3,sell
2025-10-15 00:25:37,TRADE,100.04271539722414,0,buy
2025-10-15 00:25:38,TRADE,100.04420621001131,2,sell
2025-10-15 00:25:39,TRADE,100.04925529269663,0,buy
2025-10-15 00:25:40,TRADE,100.04900239091117,1,buy
2025-10-15 00:25:41,TRADE,100.0416129500579,3,sell
2025-10-15 00:25:42,TRADE,100.04482100250569,0,buy
2025-10-15 00:25:43,TRADE,100.03618527995,0,buy
2025-10-15 00:25:44,TRADE,100.0380178608384,3,sell
2025-10-15 00:25:45,TRADE,100.03537063059478,4,sell
2025-10-15 00:25:46,TRADE,100.02922828120766,2,sell
2025-10-15 00:25:47,TRADE,100.03331532182942,2,sell
2025-10-15 00:25:48,TRADE,100.0470013375909,4,sell
2025-10-15 00:25:49,TRADE,100.05104421031636,2,sell
2025-10-15 00:25:50,TRADE,100.04971509469301,2,buy
2025-10-15 00:25:51,TRADE,100.0475534901617,0,buy
2025-10-15 00:25:52,TRADE,100.04036923315206,0,sell
2025-10-15 00:25:53,TRADE,100.05262572711035,2,buy
2025-10-15 00:25:54,TRADE,100.04659822827394,0,sell
2025-10-15 00:25:55,TRADE,100.05437612365357,1,sell
2025-10-15 00:25:56,TRADE,100.04751634112155,1,buy
2025-10-15 00:25:57,TRADE,100.03536672019436,2,sell
2025-10-15 00:25:58,TRADE,100.04670976260454,1,sell
2025-10-15 00:25:59,TRADE,100.03051376030848,2,sell
2025-10-15 00:26:00,TRADE,100.03772390276461,2,buy
2025-10-15 00:26:01,TRADE,100.04576569416126,0,sell
2025-10-15 00:26:02,TRADE,100.0357988161745,0,buy
2025-10-15 00:26:03,TRADE,100.03524530877853,3,sell
2025-10-15 00:26:04,TRADE,100.02667184053958,3,buy
2025-10-15 00:26:05,TRADE,100.03932369759944,1,buy
2025-10-15 00:26:06,TRADE,100.03522455324644,2,buy
2025-10-15 00:26:07,TRADE,100.01569758522874,2,buy
2025-10-15 00:26:08,TRADE,100.02500534644051,2,sell
2025-10-15 00:26:09,TRADE,100.02438222754927,1,buy
2025-10-15 00:26:10,TRADE,100.01719948974798,3,buy
2025-10-15 00:26:11,TRADE,100.0140080248901,1,buy
2025-10-15 00:26:12,TRADE,100.02877843530996,1,sell
2025-10-15 00:26:13,TRADE,100.01596503896036,1,sell
2025-10-15 00:26:14,TRADE,100.02235290361666,2,buy
2025-10-15 00:26:15,TRADE,100.02585727533872,0,buy
2025-10-15 00:26:16,TRADE,100.02485342795559,4,sell
2025-10-15 00:26:17,TRADE,100.00623944537638,1,sell
2025-10-15 00:26:18,TRADE,99.99929642211045,1,sell
2025-10-15 00:26:19,TRADE,100.0084665105447,0,buy
2025-10-15 00:26:20,TRADE,100.0064734035702,1,sell
2025-10-15 00:26:21,TRADE,99.99984640240821,2,buy
2025-10-15 00:26:22,TRADE,100.0079390893391,2,buy
2025-10-15 00:26:23,TRADE,100.00748784340222,4,sell
2025-10-15 00:26:24,TRADE,99.99167526316877,1,sell
2025-10-15 00:26:25,TRADE,99.99718841641226,2,buy
2025-10-15 00:26:26,TRADE,99.9972361046949,2,buy
2025-10-15 00:26:27,TRADE,100.01345395543875,1,buy
2025-10-15 00:26:28,TRADE,100.00285016178987,1,buy
2025-10-15 00:26:29,TRADE,100.0137933622789,0,buy
2025-10-15 00:26:30,TRADE,100.01381639881355,3,sell
2025-10-15 00:26:31,TRADE,100.0115235735488,0,buy
2025-10-15 00:26:32,TRADE,100.01137579490309,0,sell
2025-10-15 00:26:33,TRADE,100.00233572922463,1,sell
2025-10-15 00:26:34,TRADE,100.01166630822092,1,buy
2025-10-15 00:26:35,TRADE,100.01719102859923,1,sell
2025-10-15 00:26:36,TRADE,100.00378996861234,1,sell
2025-10-15 00:26:37,TRADE,100.01358823368822,1,buy
2025-10-15 00:26:38,TRADE,99.99696779431852,0,buy
2025-10-15 00:26:39,TRADE,99.99350272494188,1,buy
2025-10-15 00:26:40,TRADE,99.99389921471699,0,sell
2025-10-15 00:26:41,TRADE,99.99412486986976,1,sell
2025-10-15 00:26:42,TRADE,100.00537643696902,1,buy
2025-10-15 00:26:43,TRADE,99.99455704003418,1,buy
2025-10-15 00:26:44,TRADE,100.00027096965566,0,sell
2025-10-15 00:26:45,TRADE,100.00013460956976,3,buy
2025-10-15 00:26:46,TRADE,99.99779782838024,0,sell
2025-10-15 00:26:47,TRADE,99.99862202309954,0,buy
2025-10-15 00:26:48,TRADE,100.00024800751683,3,sell
2025-10-15 00:26:49,TRADE,99.98340788716283,0,sell
2025-10-15 00:26:50,TRADE,99.98563488145656,0,buy
2025-10-15 00:26:51,TRADE,99.98744337790241,3,buy
2025-10-15 00:26:52,TRADE,99.98429370325603,3,sell
2025-10-15 00:26:53,TRADE,99.98002725368038,2,sell
2025-10-15 00:26:54,TRADE,99.97399147818564,0,sell
2025-10-15 00:26:55,TRADE,99.97772721288244,0,buy
2025-10-15 00:26:56,TRADE,99.97122227340266,3,sell
2025-10-15 00:26:57,TRADE,99.98550258170393,0,sell
2025-10-15 00:26:58,TRADE,99.99341059007973,1,buy
2025-10-15 00:26:59,TRADE,99.98742188397954,1,buy
2025-10-15 00:27:00,TRADE,99.98942252664163,2,buy
2025-10-15 00:27:01,TRADE,99.98395330869283,5,sell
2025-10-15 00:27:02,TRADE,99.9851983278623,1,sell
2025-10-15 00:27:03,TRADE,99.97657664598331,0,buy
2025-10-15 00:27:04,TRADE,99.9727438592245,2,sell
2025-10-15 00:27:05,TRADE,99.96121556804917,1,sell
2025-10-15 00:27:06,TRADE,99.96363185496881,1,sell
2025-10-15 00:27:07,TRADE,99.96937143199823,1,sell
2025-10-15 00:27:08,TRADE,99.96481325707127,3,sell
2025-10-15 00:27:09,TRADE,99.94021596158042,1,buy
2025-10-15 00:27:10,TRADE,99.9635510633428,0,sell
2025-10-15 00:27:11,TRADE,99.95633963063793,1,sell
2025-10-15 00:27:12,TRADE,99.95747173638082,2,buy
2025-10-15 00:27:13,TRADE,99.95218918568044,4,sell
2025-10-15 00:27:14,TRADE,99.95557268400198,1,buy
2025-10-15 00:27:15,TRADE,99.95463203456114,1,sell
2025-10-15 00:27:16,TRADE,99.95332338652842,3,buy
2025-10-15 00:27:17,TRADE,99.95550638316777,0,buy
2025-10-15 00:27:18,TRADE,99.96241390851873,1,buy
2025-10-15 00:27:19,TRADE,99.97121924929479,0,buy
2025-10-15 00:27:20,TRADE,99.96802370803027,2,sell
2025-10-15 00:27:21,TRADE,99.97542913683205,3,sell
2025-10-15 00:27:22,TRADE,99.96928362258448,2,buy
2025-10-15 00:27:23,TRADE,99.97756502973449,1,sell
2025-10-15 00:27:24,TRADE,99.98963488882013,3,buy
2025-10-15 00:27:25,TRADE,99.99854791883351,3,sell
2025-10-15 00:27:26,TRADE,100.00252525124485,2,sell
2025-10-15 00:27:27,TRADE,99.98573161929876,1,sell
2025-10-15 00:27:28,TRADE,99.99575887021453,3,sell
2025-10-15 00:27:29,TRADE,99.99872676226347,1,sell
2025-10-15 00:27:30,TRADE,99.98034752057316,1,sell
2025-10-15 00:27:31,TRADE,99.98552546825955,2,buy
2025-10-15 00:27:32,TRADE,99.99201733767511,0,sell
2025-10-15 00:27:33,TRADE,99.97860842631819,2,sell
2025-10-15 00:27:34,TRADE,99.98881561048366,2,sell
2025-10-15 00:27:35,TRADE,99.99017308814662,3,buy
2025-10-15 00:27:36,TRADE,100.00277766254877,1,buy
2025-10-15 00:27:37,TRADE,100.00213375757612,3,sell
2025-10-15 00:27:38,TRADE,100.00815411247684,2,sell
2025-10-15 00:27:39,TRADE,100.00601793439888,2,buy
2025-10-15 00:27:40,TRADE,100.00057026733306,0,sell
2025-10-15 00:27:41,TRADE,100.01528840697972,2,buy
2025-10-15 00:27:42,TRADE,100.025388800613,2,sell
2025-10-15 00:27:43,TRADE,100.01834631584525,3,buy
2025-10-15 00:27:44,TRADE,100.01267894112351,4,buy
2025-10-15 00:27:45,TRADE,100.0254108046301,3,sell
2025-10-15 00:27:46,TRADE,100.00129398956231,0,sell
2025-10-15 00:27:47,TRADE,100.00380665603831,1,sell
2025-10-15 00:27:48,TRADE,99.99607654621526,2,sell
2025-10-15 00:27:49,TRADE,99.99547512418123,1,buy
2025-10-15 00:27:50,TRADE,100.01720057301684,0,buy
2025-10-15 00:27:51,TRADE,100.00063726277219,1,sell
2025-10-15 00:27:52,TRADE,99.99960410550521,0,sell
2025-10-15 00:27:53,TRADE,99.99945073255897,1,sell
2025-10-15 00:27:54,TRADE,100.00013967778122,2,buy
2025-10-15 00:27:55,TRADE,100.00355949914928,3,sell
2025-10-15 00:27:56,TRADE,100.0025392975352,0,buy
2025-10-15 00:27:57,TRADE,100.00262604828998,2,sell
2025-10-15 00:27:58,TRADE,100.00710016817003,1,buy
2025-10-15 00:27:59,TRADE,100.00316762665383,0,sell
2025-10-15 00:28:00,TRADE,99.98418143521073,1,buy
2025-10-15 00:28:01,TRADE,99.98657972428835,1,sell
2025-10-15 00:28:02,TRADE,99.98634368166819,3,buy
2025-10-15 00:28:03,TRADE,99.9903419745421,1,buy
2025-10-15 00:28:04,TRADE,99.99075136460245,0,buy
2025-10-15 00:28:05,TRADE,100.00092018145729,0,buy
2025-10-15 00:28:06,TRADE,99.99358698894038,1,buy
2025-10-15 00:28:07,TRADE,99.986652973756,2,sell
2025-10-15 00:28:08,TRADE,99.97965772911353,2,buy
2025-10-15 00:28:09,TRADE,99.98011876914615,1,sell
2025-10-15 00:28:10,TRADE,99.9926858242035,2,sell
2025-10-15 00:28:11,TRADE,99.98501638720383,2,sell
2025-10-15 00:28:12,TRADE,99.98278155742322,0,buy
2025-10-15 00:28:13,TRADE,99.98043313547026,1,buy
2025-10-15 00:28:14,TRADE,99.97565905447173,2,sell
2025-10-15 00:28:15,TRADE,99.98720108483897,0,sell
2025-10-15 00:28:16,TRADE,99.99531516740038,0,sell
2025-10-15 00:28:17,TRADE,99.99734788783971,3,buy
2025-10-15 00:28:18,TRADE,100.00819308241893,2,buy
2025-10-15 00:28:19,TRADE,99.99399942163157,5,sell
2025-10-15 00:28:20,TRADE,100.0023039702672,0,sell
2025-10-15 00:28:21,TRADE,99.9851454003506,2,buy
2025-10-15 00:28:22,TRADE,99.97963455420661,0,buy
2025-10-15 00:28:23,TRADE,99.99212138209026,2,buy
2025-10-15 00:28:24,TRADE,99.98891201599105,3,sell
2025-10-15 00:28:25,TRADE,99.99583469678645,0,sell
2025-10-15 00:28:26,TRADE,100.00105832907646,0,buy
2025-10-15 00:28:27,TRADE,99.98568765462367,1,buy
2025-10-15 00:28:28,TRADE,99.99655297853606,1,buy
2025-10-15 00:28:29,TRADE,99.9924836433597,0,sell
2025-10-15 00:28:30,TRADE,100.00798041925609,2,buy
2025-10-15 00:28:31,TRADE,100.01310085710978,0,buy
2025-10-15 00:28:32,TRADE,99.9979897886252,2,buy
2025-10-15 00:28:33,TRADE,100.00344226198669,1,sell
2025-10-15 00:28:34,TRADE,99.99572461285341,0,buy
2025-10-15 00:28:35,TRADE,99.98898470558564,0,buy
2025-10-15 00:28:36,TRADE,99.99101111083384,2,sell
2025-10-15 00:28:37,TRADE,99.97346199950519,1,sell
2025-10-15 00:28:38,TRADE,99.97933624324006,1,sell
2025-10-15 00:28:39,TRADE,99.96586988526256,2,buy
2025-10-15 00:28:40,TRADE,99.97036069527516,1,buy
2025-10-15 00:28:41,TRADE,99.96009569675576,3,buy
2025-10-15 00:28:42,TRADE,99.95724624836235,4,buy
2025-10-15 00:28:43,TRADE,99.95350956773035,0,sell
2025-10-15 00:28:44,TRADE,99.97357546059624,2,sell
2025-10-15 00:28:45,TRADE,99.97367275799807,1,sell
2025-10-15 00:28:46,TRADE,99.974294875653,0,buy
2025-10-15 00:28:47,TRADE,99.98085668965389,0,sell
2025-10-15 00:28:48,TRADE,99.96480823100057,1,sell
2025-10-15 00:28:49,TRADE,99.98003742475926,0,buy
2025-10-15 00:28:50,TRADE,99.97937095633533,0,sell
2025-10-15 00:28:51,TRADE,99.96751971204239,1,buy
2025-10-15 00:28:52,TRADE,99.97069931991197,0,sell
2025-10-15 00:28:53,TRADE,99.96647248288419,1,sell
2025-10-15 00:28:54,TRADE,99.96523922522012,2,buy
2025-10-15 00:28:55,TRADE,99.95329723450287,1,sell
2025-10-15 00:28:56,TRADE,99.95288102587357,2,sell
2025-10-15 00:28:57,TRADE,99.95524016452624,1,sell
2025-10-15 00:28:58,TRADE,99.95946781274216,3,buy
2025-10-15 00:28:59,TRADE,99.95210166902373,1,sell
2025-10-15 00:29:00,TRADE,99.95290425166584,3,sell
2025-10-15 00:29:01,TRADE,99.94889978123278,4,sell
2025-10-15 00:29:02,TRADE,99.95185047935156,2,buy
2025-10-15 00:29:03,TRADE,99.9520984649851,1,sell
2025-10-15 00:29:04,TRADE,99.9373013378788,0,sell
2025-10-15 00:29:05,TRADE,99.92241188194411,1,buy
2025-10-15 00:29:06,TRADE,99.92868472525426,3,buy
2025-10-15 00:29:07,TRADE,99.92973611173859,1,sell
2025-10-15 00:29:08,TRADE,99.93397469834966,1,buy
2025-10-15 00:29:09,TRADE,99.92311141369838,1,buy
2025-10-15 00:29:10,TRADE,99.93061918330119,1,buy
2025-10-15 00:29:11,TRADE,99.92196111061436,3,buy
2025-10-15 00:29:12,TRADE,99.94105712213066,1,sell
2025-10-15 00:29:13,TRADE,99.93902997990959,3,buy
2025-10-15 00:29:14,TRADE,99.93784501029464,1,buy
2025-10-15 00:29:15,TRADE,99.94773501396578,2,sell
2025-10-15 00:29:16,TRADE,99.93602902874876,2,sell
2025-10-15 00:29:17,TRADE,99.93194309196129,0,sell
2025-10-15 00:29:18,TRADE,99.9320931863438,1,sell
2025-10-15 00:29:19,TRADE,99.92928267629544,0,sell
2025-10-15 00:29:20,TRADE,99.93671180955754,4,buy
2025-10-15 00:29:21,TRADE,99.94098015372522,1,sell
2025-10-15 00:29:22,TRADE,99.93738385523798,1,buy
2025-10-15 00:29:23,TRADE,99.93732071803387,1,buy
2025-10-15 00:29:24,TRADE,99.93537981153194,1,sell
2025-10-15 00:29:25,TRADE,99.94490937414463,0,sell
2025-10-15 00:29:26,TRADE,99.93771263723133,0,buy
2025-10-15 00:29:27,TRADE,99.92690692309272,3,sell
2025-10-15 00:29:28,TRADE,99.93718171432862,3,buy
2025-10-15 00:29:29,TRADE,99.93850112218433,0,sell
2025-10-15 00:29:30,TRADE,99.92837392587346,1,buy
2025-10-15 00:29:31,TRADE,99.93545008840007,2,sell
2025-10-15 00:29:32,TRADE,99.93532165317343,1,buy
2025-10-15 00:29:33,TRADE,99.9371703310273,4,buy
2025-10-15 00:29:34,TRADE,99.93851756981506,4,buy
2025-10-15 00:29:35,TRADE,99.94310177486751,2,sell
2025-10-15 00:29:36,TRADE,99.94578430251217,2,buy
2025-10-15 00:29:37,TRADE,99.94709134452364,1,buy
2025-10-15 00:29:38,TRADE,99.95399010080124,0,sell
2025-10-15 00:29:39,TRADE,99.9604061481403,1,buy
2025-10-15 00:29:40,TRADE,99.95404221547517,4,sell
2025-10-15 00:29:41,TRADE,99.94275841350834,2,sell
2025-10-15 00:29:42,TRADE,99.93455804755173,1,buy
2025-10-15 00:29:43,TRADE,99.94882352280054,3,buy
2025-10-15 00:29:44,TRADE,99.93760336357536,0,buy
2025-10-15 00:29:45,TRADE,99.94198311028512,0,sell
2025-10-15 00:29:46,TRADE,99.94017895398241,2,sell
2025-10-15 00:29:47,TRADE,99.93947938560534,2,buy
2025-10-15 00:29:48,TRADE,99.94832802187979,0,sell
2025-10-15 00:29:49,TRADE,99.9482459220294,2,sell
2025-10-15 00:29:50,TRADE,99.94393110794164,0,sell
2025-10-15 00:29:51,TRADE,99.94530620030952,1,sell
2025-10-15 00:29:52,TRADE,99.94745787686213,1,buy
2025-10-15 00:29:53,TRADE,99.9298699824769,2,sell
2025-10-15 00:29:54,TRADE,99.92907737708256,2,buy
2025-10-15 00:29:55,TRADE,99.92792874410436,2,sell
2025-10-15 00:29:56,TRADE,99.92585522639162,1,sell
2025-10-15 00:29:57,TRADE,99.93306412991757,0,buy
2025-10-15 00:29:58,TRADE,99.93731066452072,2,sell
2025-10-15 00:29:59,TRADE,99.93474527968006,4,sell
2025-10-15 00:30:00,TRADE,99.94528691068588,4,sell
2025-10-15 00:30:01,TRADE,99.92208481845014,1,sell
2025-10-15 00:30:02,TRADE,99.93507165557853,5,sell
2025-10-15 00:30:03,TRADE,99.94148739921003,1,sell
2025-10-15 00:30:04,TRADE,99.94711000524063,3,buy
2025-10-15 00:30:05,TRADE,99.9537762703719,0,sell
2025-10-15 00:30:06,TRADE,99.9413733772653,2,sell
2025-10-15 00:30:07,TRADE,99.94428509264331,1,buy
2025-10-15 00:30:08,TRADE,99.94865941454789,2,buy
2025-10-15 00:30:09,TRADE,99.95201564760892,1,sell
2025-10-15 00:30:10,TRADE,99.95142419538658,1,buy
2025-10-15 00:30:11,TRADE,99.95944936127817,2,buy
2025-10-15 00:30:12,TRADE,99.93893811910903,3,buy
2025-10-15 00:30:13,TRADE,99.93376302305182,1,sell
2025-10-15 00:30:14,TRADE,99.94705484198853,2,buy
2025-10-15 00:30:15,TRADE,99.93662964758245,2,buy
2025-10-15 00:30:16,TRADE,99.94676250521802,0,sell
2025-10-15 00:30:17,TRADE,99.92988217942373,2,sell
2025-10-15 00:30:18,TRADE,99.94261879127419,1,sell
2025-10-15 00:30:19,TRADE,99.94843425938353,1,buy
2025-10-15 00:30:20,TRADE,99.93216730812074,0,buy
2025-10-15 00:30:21,TRADE,99.93215142809089,4,sell
2025-10-15 00:30:22,TRADE,99.93681621020984,4,sell
2025-10-15 00:30:23,TRADE,99.95248832540055,2,sell
2025-10-15 00:30:24,TRADE,99.95088813122992,1,sell
2025-10-15 00:30:25,TRADE,99.94215106164143,3,buy
2025-10-15 00:30:26,TRADE,99.93536860187288,2,sell
2025-10-15 00:30:27,TRADE,99.92444729656523,0,sell
2025-10-15 00:30:28,TRADE,99.9264529723232,2,buy
2025-10-15 00:30:29,TRADE,99.927717267856,2,buy
2025-10-15 00:30:30,TRADE,99.92147533842838,2,buy
2025-10-15 00:30:31,TRADE,99.92019654950845,4,sell
2025-10-15 00:30:32,TRADE,99.92635434833316,3,sell
2025-10-15 00:30:33,TRADE,99.92498992274966,1,buy
2025-10-15 00:30:34,TRADE,99.93138592861636,1,sell
2025-10-15 00:30:35,TRADE,99.93353212936776,1,buy
2025-10-15 00:30:36,TRADE,99.93083276713837,2,sell
2025-10-15 00:30:37,TRADE,99.92682569754601,1,sell
2025-10-15 00:30:38,TRADE,99.9368094527685,4,sell
2025-10-15 00:30:39,TRADE,99.93585545055895,2,buy
2025-10-15 00:30:40,TRADE,99.94401301252951,0,buy
2025-10-15 00:30:41,TRADE,99.94596108212797,4,buy
2025-10-15 00:30:42,TRADE,99.94973779781131,1,sell
2025-10-15 00:30:43,TRADE,99.9577960816345,1,sell
2025-10-15 00:30:44,TRADE,99.96090658384587,5,sell
2025-10-15 00:30:45,TRADE,99.98046315784121,0,sell
2025-10-15 00:30:46,TRADE,99.97564521199958,4,sell
2025-10-15 00:30:47,TRADE,99.97201286233079,0,sell
2025-10-15 00:30:48,TRADE,99.96271173761684,0,buy
2025-10-15 00:30:49,TRADE,99.96607563361647,2,sell
2025-10-15 00:30:50,TRADE,99.9755064644629,0,sell
2025-10-15 00:30:51,TRADE,99.97869757608774,1,sell
2025-10-15 00:30:52,TRADE,99.97794937511351,2,sell
2025-10-15 00:30:53,TRADE,99.98715074221828,3,buy
2025-10-15 00:30:54,TRADE,99.98446935635613,3,sell
2025-10-15 00:30:55,TRADE,99.98502128362009,0,sell
2025-10-15 00:30:56,TRADE,99.98811764163842,3,sell
2025-10-15 00:30:57,TRADE,99.99057686252388,0,buy
2025-10-15 00:30:58,TRADE,99.9881989479981,2,buy
2025-10-15 00:30:59,TRADE,99.98221987817537,1,sell
2025-10-15 00:31:00,TRADE,99.98306541319688,2,sell
2025-10-15 00:31:01,TRADE,99.98923131146809,1,sell
2025-10-15 00:31:02,TRADE,99.99735270149455,1,buy
2025-10-15 00:31:03,TRADE,99.98964296351544,4,buy
2025-10-15 00:31:04,TRADE,99.98970400015081,0,sell
2025-10-15 00:31:05,TRADE,99.99034539115965,0,buy
2025-10-15 00:31:06,TRADE,99.98492435773022,2,buy
2025-10-15 00:31:07,TRADE,99.98042120871791,0,sell
2025-10-15 00:31:08,TRADE,99.98173322371201,0,sell
2025-10-15 00:31:09,TRADE,99.9791657381461,4,buy
2025-10-15 00:31:10,TRADE,99.98495193722182,0,sell
2025-10-15 00:31:11,TRADE,100.00237125879273,0,buy
2025-10-15 00:31:12,TRADE,99.99368888206708,1,sell
2025-10-15 00:31:13,TRADE,100.00961270983944,1,buy
2025-10-15 00:31:14,TRADE,100.00330900086966,3,buy
2025-10-15 00:31:15,TRADE,100.0086642689398,3,buy
2025-10-15 00:31:16,TRADE,100.00763521081214,3,sell
2025-10-15 00:31:17,TRADE,100.01084424876082,0,buy
2025-10-15 00:31:18,TRADE,99.9989042694587,0,buy
2025-10-15 00:31:19,TRADE,100.00786144117257,0,buy
2025-10-15 00:31:20,TRADE,100.00257538548337,1,sell
2025-10-15 00:31:21,TRADE,100.00073178655713,0,buy
2025-10-15 00:31:22,TRADE,100.00279588618174,0,buy
2025-10-15 00:31:23,TRADE,100.00446086060333,3,sell
2025-10-15 00:31:24,TRADE,100.00047481030751,1,sell
2025-10-15 00:31:25,TRADE,99.99789987602944,0,sell
2025-10-15 00:31:26,TRADE,100.01331905892759,2,buy
2025-10-15 00:31:27,TRADE,100.02070352686424,1,sell
2025-10-15 00:31:28,TRADE,100.0223911858818,2,sell
2025-10-15 00:31:29,TRADE,100.00781570815157,1,buy
2025-10-15 00:31:30,TRADE,100.01953884440584,1,buy
2025-10-15 00:31:31,TRADE,99.9970795118969,2,buy
2025-10-15 00:31:32,TRADE,99.99912333933591,2,sell
2025-10-15 00:31:33,TRADE,100.00622663424897,2,sell
2025-10-15 00:31:34,TRADE,99.99832046538188,0,buy
2025-10-15 00:31:35,TRADE,99.99610886457982,0,buy
2025-10-15 00:31:36,TRADE,99.98705237502267,1,buy
2025-10-15 00:31:37,TRADE,99.99448362410934,0,buy
2025-10-15 00:31:38,TRADE,99.97924117834049,2,sell
2025-10-15 00:31:39,TRADE,99.98352921846079,3,buy
2025-10-15 00:31:40,TRADE,99.98561586801179,0,sell
2025-10-15 00:31:41,TRADE,99.99051999591242,1,sell
2025-10-15 00:31:42,TRADE,99.97920694039514,2,buy
2025-10-15 00:31:43,TRADE,99.9804730240455,2,buy
2025-10-15 00:31:44,TRADE,99.98605385072634,1,buy
2025-10-15 00:31:45,TRADE,99.98194150943246,0,sell
2025-10-15 00:31:46,TRADE,99.98176697356357,1,buy
2025-10-15 00:31:47,TRADE,99.98949861596472,1,buy
2025-10-15 00:31:48,TRADE,99.98577220704489,2,sell
2025-10-15 00:31:49,TRADE,99.98202854770763,3,buy
2025-10-15 00:31:50,TRADE,99.99226572459922,2,sell
2025-10-15 00:31:51,TRADE,99.98806010876258,1,buy
2025-10-15 00:31:52,TRADE,99.98368441179947,1,sell
2025-10-15 00:31:53,TRADE,100.00318395664895,1,buy
2025-10-15 00:31:54,TRADE,99.98906908405942,1,sell
2025-10-15 00:31:55,TRADE,99.98354866770875,1,buy
2025-10-15 00:31:56,TRADE,99.98137454082888,0,buy
2025-10-15 00:31:57,TRADE,99.98968594805683,0,buy
2025-10-15 00:31:58,TRADE,99.9844479101577,3,buy
2025-10-15 00:31:59,TRADE,99.98239980674504,0,sell
2025-10-15 00:32:00,TRADE,99.97284698065273,1,buy
2025-10-15 00:32:01,TRADE,99.97995677108487,2,buy
2025-10-15 00:32:02,TRADE,99.97191820172104,0,sell
2025-10-15 00:32:03,TRADE,99.9689928046049,2,sell
2025-10-15 00:32:04,TRADE,99.96865829252515,0,sell
2025-10-15 00:32:05,TRADE,99.96444137260595,2,buy
2025-10-15 00:32:06,TRADE,99.98169222497425,4,sell
2025-10-15 00:32:07,TRADE,99.97957258476096,1,buy
2025-10-15 00:32:08,TRADE,99.98626132269541,1,buy
2025-10-15 00:32:09,TRADE,99.99507717546835,1,sell
2025-10-15 00:32:10,TRADE,99.9835041912796,3,sell
2025-10-15 00:32:11,TRADE,99.9837960996658,1,buy
2025-10-15 00:32:12,TRADE,99.97854420318339,2,buy
2025-10-15 00:32:13,TRADE,99.99398617549015,1,buy
2025-10-15 00:32:14,TRADE,99.9850608895889,3,buy
2025-10-15 00:32:15,TRADE,99.99890719462998,4,sell
2025-10-15 00:32:16,TRADE,99.97990176257962,3,sell
2025-10-15 00:32:17,TRADE,99.97760426591257,0,buy
2025-10-15 00:32:18,TRADE,99.97788659655289,1,buy
2025-10-15 00:32:19,TRADE,99.9664161514712,1,buy
2025-10-15 00:32:20,TRADE,99.96922802577541,5,sell
2025-10-15 00:32:21,TRADE,99.96687628671489,2,buy
2025-10-15 00:32:22,TRADE,99.94329137320281,0,buy
2025-10-15 00:32:23,TRADE,99.95894083047158,0,sell
2025-10-15 00:32:24,TRADE,99.9644921902395,1,buy
2025-10-15 00:32:25,TRADE,99.95254475223462,2,sell
2025-10-15 00:32:26,TRADE,99.96621967561687,3,sell
2025-10-15 00:32:27,TRADE,99.9874735128031,2,buy
2025-10-15 00:32:28,TRADE,99.99664019513423,0,buy
2025-10-15 00:32:29,TRADE,99.98212038427224,0,sell
2025-10-15 00:32:30,TRADE,99.98394648000695,2,sell
2025-10-15 00:32:31,TRADE,99.9757217860073,2,sell
2025-10-15 00:32:32,TRADE,99.96881455053261,4,buy
2025-10-15 00:32:33,TRADE,99.98252751049799,1,sell
2025-10-15 00:32:34,TRADE,99.97816985761006,1,sell
2025-10-15 00:32:35,TRADE,99.97204185562416,0,buy
2025-10-15 00:32:36,TRADE,99.9745738026689,1,buy
2025-10-15 00:32:37,TRADE,99.972108943367,0,sell
2025-10-15 00:32:38,TRADE,99.9735842198052,1,buy
2025-10-15 00:32:39,TRADE,99.98409685206755,0,buy
2025-10-15 00:32:40,TRADE,99.97715896303278,0,sell
2025-10-15 00:32:41,TRADE,99.98990323094596,4,buy
2025-10-15 00:32:42,TRADE,99.98320240644317,2,buy
2025-10-15 00:32:43,TRADE,99.96983660829244,2,buy
2025-10-15 00:32:44,TRADE,99.98751382405374,2,buy
2025-10-15 00:32:45,TRADE,99.97823865767792,2,buy
2025-10-15 00:32:46,TRADE,99.97357080164191,0,buy
2025-10-15 00:32:47,TRADE,99.9719331957076,1,buy
2025-10-15 00:32:48,TRADE,99.97172844322041,0,sell
2025-10-15 00:32:49,TRADE,99.96685263442906,3,sell
2025-10-15 00:32:50,TRADE,99.97223683718964,3,buy
2025-10-15 00:32:51,TRADE,99.96690756118565,2,buy
2025-10-15 00:32:52,TRADE,99.96913132815101,0,buy
2025-10-15 00:32:53,TRADE,99.96992729833012,0,buy
2025-10-15 00:32:54,TRADE,99.98450652333831,0,buy
