timestamp,price,quantity,side
1704067200000142988,100.77662927540672,100,sell
1704067200000428698,100.01033855936912,985,buy
1704067200000946377,100.6584475374406,584,buy
1704067200001623815,100.3265810228075,380,sell
1704067200001962514,99.82903016726947,315,sell
1704067200002688020,101.35660640770476,772,sell
1704067200002703456,102.45640931766178,716,sell
1704067200004411775,102.17662652732437,180,buy
1704067200004698323,102.24401465037711,100,sell
1704067200005199247,102.39759360922486,639,sell
1704067200007026364,102.39974166648155,432,buy
1704067200008163560,101.73416425179443,903,sell
1704067200010145016,102.30666248195494,806,sell
1704067200010290886,102.4228136877855,367,sell
1704067200012533552,101.81911895670856,808,sell
1704067200012727232,101.02052503073477,869,buy
1704067200012781138,100.77084715129922,977,sell
1704067200012854133,101.16538767341223,516,buy
1704067200013362234,100.3887443724101,355,buy
1704067200013892994,100.86615656488523,282,sell
1704067200014131364,100.51363124241401,334,buy
1704067200014629728,99.84204977737183,989,buy
1704067200015930194,99.9632148459422,433,sell
1704067200016676452,99.85061145323311,286,buy
1704067200016866798,99.71731847371842,819,sell
1704067200018298046,99.98468799950219,372,buy
1704067200018299453,99.72740130505622,310,buy
1704067200019011118,100.08919895475192,644,sell
1704067200019365790,99.1806496208672,986,sell
1704067200020164699,99.92498421382837,619,sell
1704067200020329664,100.06349144893663,96,buy
1704067200022291489,100.10515642940592,239,sell
1704067200023144080,99.6805497187826,944,buy
1704067200023300283,99.5851607453352,223,buy
1704067200024546663,99.58175525110524,694,sell
1704067200025283233,98.96502194309541,838,buy
1704067200026845961,98.68162529630372,187,sell
1704067200027193412,99.57962322420997,63,sell
1704067200027445165,100.13330744078775,227,sell
1704067200027754408,99.43924245486956,465,sell
1704067200028349881,100.09218946501505,762,sell
1704067200028353364,100.03395823933127,258,sell
1704067200028617999,100.51026831473334,562,buy
1704067200029286486,100.80505532725412,914,buy
1704067200030031713,100.14619331474164,687,sell
1704067200030681544,100.79411296009846,111,sell
1704067200030882417,101.03122253769676,442,sell
1704067200032023610,100.68893175782921,380,buy
1704067200033775249,100.89055183912164,815,sell
1704067200037419507,101.59828869977615,106,sell
1704067200038083901,101.36382309380208,120,sell
1704067200041595691,102.22410217634406,604,sell
1704067200041947785,102.22485936731194,844,sell
1704067200042237726,102.51352295815133,200,sell
1704067200042409290,102.17605787967304,107,sell
1704067200043351412,102.16882899492813,691,sell
1704067200043579519,102.42960685154114,355,sell
1704067200043816816,102.48719344699806,158,sell
1704067200046740710,102.46072439275086,508,sell
1704067200046931255,102.07218379022612,623,buy
1704067200047629852,103.42336013580751,770,buy
1704067200047792695,104.00324996626799,761,buy
1704067200048996901,104.6981768766257,113,sell
1704067200049586002,104.82244007620926,110,sell
1704067200049807252,105.00196809388368,829,buy
1704067200050279900,105.06664053067834,871,sell
1704067200054485424,105.88111009855868,44,sell
1704067200054542697,106.1179964509591,19,sell
1704067200056589691,106.15042774287987,443,buy
1704067200057534343,106.34621190973135,876,buy
1704067200058655826,106.10381318279478,637,sell
1704067200059174199,106.92374774880179,96,sell
1704067200061606412,106.60181498792608,506,buy
1704067200062078118,107.31389891556518,278,sell
1704067200062586581,107.40456616642946,405,sell
1704067200063262124,107.46175455261042,578,buy
1704067200063443868,107.91118001531179,998,buy
1704067200064418027,108.10827268327257,763,buy
1704067200066364923,107.59456893099149,118,buy
1704067200068054428,107.76905200815416,209,buy
1704067200070461194,108.2514306884215,88,buy
1704067200071401811,109.05818766931289,878,buy
1704067200073287995,108.67532555802505,882,buy
1704067200073859358,108.32126184981783,816,sell
1704067200074713085,108.49206507213154,478,sell
1704067200075386466,108.37484415601767,107,buy
1704067200076919381,108.44519505155316,499,sell
1704067200077646797,108.86526331225053,716,sell
1704067200078319560,109.12654567708852,687,sell
1704067200078972414,109.20354061387512,794,sell
1704067200078999286,109.51220917713249,559,sell
1704067200079352093,109.16706951706384,34,sell
1704067200079362923,109.09896713076706,114,buy
1704067200081337914,110.2753677773037,675,sell
1704067200083103627,109.29684671023033,130,buy
1704067200084759370,108.88307295936022,354,sell
1704067200084889337,108.88592340913088,800,sell
1704067200085174720,108.51226747945279,636,buy
1704067200085548800,108.39665202550084,500,buy
1704067200086497271,108.34903255814564,330,buy
1704067200086980801,108.57072113308647,13,sell
1704067200089614303,108.79136461339618,175,sell
1704067200090510544,108.92747100153433,357,sell
1704067200090602725,109.51726487908918,378,buy
1704067200091161990,109.71861547950343,27,sell
1704067200093162890,110.33600937251978,446,sell
1704067200094214416,110.35000965415003,374,sell
1704067200095396001,110.65724487004644,581,buy
1704067200095466286,110.50243893594644,92,buy
1704067200095485936,111.02470301871205,894,buy
1704067200096773599,110.64325450201255,170,buy
1704067200097487629,109.79150228332364,744,sell
1704067200097662843,110.07100394445509,892,buy
1704067200101335259,109.49656542762071,397,buy
1704067200102252938,109.32398409348409,516,sell
1704067200104361499,109.25714942888303,598,sell
1704067200106385578,108.22529227831109,28,sell
1704067200108127112,108.05014704604856,506,sell
1704067200108896243,107.49456638176117,703,sell
1704067200110081284,107.74737435295577,522,sell
1704067200112566870,107.66566563117988,550,sell
1704067200112907484,107.02378873693677,936,buy
1704067200113725347,106.87207264976735,50,sell
1704067200114685973,106.72235199001892,690,sell
1704067200119625560,106.37380310725516,84,sell
1704067200119703102,105.70579704101563,525,sell
1704067200119758790,105.83397596882418,85,buy
1704067200121863335,106.20589269029537,64,sell
1704067200122752619,106.5409573563388,821,sell
1704067200123061171,106.44701427316687,40,sell
1704067200123608398,106.77536560438003,220,buy
1704067200124147520,106.30886508985766,525,buy
1704067200124645883,105.99488261731825,232,buy
1704067200129242400,105.45688003108837,849,buy
1704067200133490017,105.28113946946033,34,buy
1704067200134328998,105.89731035332049,756,sell
1704067200134413218,106.13442915770376,794,sell
1704067200134584924,106.58129602103008,168,sell
1704067200135602076,106.16365443802276,26,sell
1704067200136831070,105.48405407957237,79,sell
1704067200139325041,106.16568224999158,436,buy
1704067200139337974,106.50946934648128,468,sell
1704067200139579204,106.3759669794931,665,sell
1704067200140422671,106.04233398643493,133,buy
1704067200141493315,105.86153630397553,627,sell
1704067200146255285,106.12655505678786,872,buy
1704067200146482015,105.92339570504556,523,buy
1704067200146669987,105.79155206634083,793,buy
1704067200148601449,105.43260693341956,658,buy
1704067200149176953,105.03873842688685,328,buy
1704067200150126846,105.35148038711482,391,sell
1704067200151016756,105.08188368025561,546,buy
1704067200151851017,105.28743989148568,92,buy
1704067200155087136,105.93267485563894,414,buy
1704067200156653799,105.91644164653863,223,sell
1704067200157005861,105.29921499994964,35,sell
1704067200157177233,105.43369286528377,316,sell
1704067200157937596,105.43293323795146,631,sell
1704067200158426635,104.7634710086704,688,sell
1704067200159858439,104.67310596162044,507,buy
1704067200160400534,104.25266510371267,618,buy
1704067200160549994,103.56804957503583,318,sell
1704067200161481785,103.37091935986331,394,sell
1704067200162636439,103.14261815744793,704,sell
1704067200163102676,102.42700288112597,131,buy
1704067200164474395,102.57636342613756,417,sell
1704067200165413894,102.27319974505295,931,buy
1704067200165436585,102.70198761098875,701,sell
1704067200165799594,102.8163304900271,269,sell
1704067200168648005,103.0322733728349,878,sell
1704067200169929216,102.85740798163616,189,buy
1704067200169937550,103.11035366091785,568,buy
1704067200171156791,103.50265771353844,132,sell
1704067200171367228,103.25275778354981,531,sell
1704067200171935075,103.78381476719048,708,sell
1704067200172098236,103.33498166439176,377,buy
1704067200172868078,103.0084624219487,609,buy
1704067200177415059,103.24954970099267,933,buy
1704067200178439142,102.97543813128638,66,buy
1704067200179204170,102.96193672345993,602,buy
1704067200179248615,103.22801259506298,867,buy
1704067200180449000,102.76620705169739,254,buy
1704067200183791240,101.64347139218195,163,sell
1704067200184228954,101.44336508347553,17,sell
1704067200184920475,102.41020764413423,946,buy
1704067200185617833,102.11171703664036,236,buy
1704067200186122989,102.14962591832575,892,sell
1704067200186475467,102.38665441643607,964,buy
1704067200188986673,102.43368637439879,348,buy
1704067200189481192,102.79053792121411,962,buy
1704067200192173256,103.00210383130354,354,buy
1704067200192898818,102.95181570736061,855,sell
1704067200193468302,102.54233684847793,517,buy
1704067200195874637,102.39181291231755,536,sell
1704067200195891695,101.83315131899859,416,buy
1704067200196730620,102.40463938122349,255,sell
1704067200198042529,102.84711524569208,63,buy
1704067200200372012,102.1229620661674,886,buy
1704067200200743377,102.610892963378,923,sell
1704067200200961870,102.37112814292178,374,buy
1704067200201024336,102.06057469620079,675,buy
1704067200201090679,102.14679940360038,704,sell
1704067200202642325,102.17312832769987,744,buy
1704067200202849542,102.28300306080719,763,sell
1704067200203194648,102.41512379946151,400,buy
1704067200203421436,103.16973761019331,417,sell
1704067200209803793,103.53213814623403,67,sell
1704067200212059620,103.7553898086553,923,sell
1704067200213301660,104.06372285587686,286,buy
1704067200214814515,105.51760092837816,312,buy
1704067200215441945,105.8774708834696,143,buy
1704067200216084564,105.89423203743544,504,sell
1704067200216717130,105.79832199884946,708,sell
1704067200217859782,105.47321809141606,534,sell
1704067200218274457,105.06824887200102,763,sell
1704067200218401889,104.59082821618938,182,sell
1704067200219757851,103.39016593707083,623,sell
1704067200220691459,103.50783686560837,967,buy
1704067200221091622,102.91878956891453,129,buy
1704067200222418892,102.85731206599947,301,buy
1704067200223507583,103.19574807159921,234,buy
1704067200223579382,102.8187099211822,551,sell
1704067200224279375,103.27347073099423,704,buy
1704067200226525753,102.7396170262249,283,buy
1704067200230402322,102.63817422423284,59,buy
1704067200230472402,102.1258176787782,388,buy
1704067200231748172,102.02362717241422,603,buy
1704067200232569542,102.24422690612536,778,sell
1704067200232624778,102.0245463550356,283,sell
1704067200233283177,102.0989560406347,53,buy
1704067200233953995,102.16197705275596,75,buy
1704067200234135134,102.27651063301158,489,buy
1704067200234664776,102.93528942456393,306,sell
1704067200235975824,103.07808252307541,252,buy
1704067200237072892,102.856627004069,23,buy
1704067200237347572,102.78202585200816,166,sell
1704067200237871632,103.30459226744989,939,buy
1704067200238233677,103.38923288689743,151,buy
1704067200238997736,103.57645760541199,111,sell
1704067200239950376,103.54984443554861,625,buy
1704067200240508579,103.62521406729624,496,buy
1704067200241898104,103.30269143108728,963,sell
1704067200244950154,103.64103737854575,412,buy
1704067200245274574,103.26947296217703,706,sell
1704067200254205970,102.85062215440293,178,sell
1704067200254381647,102.66000603109886,697,sell
1704067200256029470,102.76935732658976,81,buy
1704067200257300729,102.59337169360485,25,buy
1704067200257458206,102.11808968654724,169,sell
1704067200257513583,102.01375363604602,885,buy
1704067200257949159,102.11183509135772,422,sell
1704067200259985137,101.58385888643744,772,sell
1704067200262379354,101.7496509752283,207,sell
1704067200263037379,101.91357715122284,274,sell
1704067200263330604,102.09288377805748,127,buy
1704067200263949320,101.704876174829,313,sell
1704067200267116204,101.9333249912826,760,sell
1704067200267603374,101.65725387293222,332,sell
1704067200271793236,101.20619446347888,658,sell
1704067200272612759,101.43399051022676,433,buy
1704067200273661484,101.28642047691294,811,buy
1704067200274518456,100.77744452124027,63,buy
1704067200274648021,100.55388775064829,415,sell
1704067200275031131,99.94173345330671,756,buy
1704067200276216292,99.71067670324578,976,buy
1704067200277752345,99.35859440911723,372,buy
1704067200278082472,99.62414611079839,185,sell
1704067200279631762,100.11426397590718,404,buy
1704067200280188745,100.34177616358164,526,buy
1704067200280634602,98.99813103673314,975,sell
1704067200282525255,99.35322625390295,628,buy
1704067200282890334,99.0978060029845,211,buy
1704067200284411893,99.98095957398303,373,sell
1704067200285806009,98.58796516574935,312,sell
1704067200285952375,98.10918879097856,109,sell
1704067200286779447,98.71291821388029,50,buy
1704067200291547663,97.64111161403054,748,sell
1704067200292597222,97.1576369167042,958,sell
1704067200293399441,97.17056665151067,618,buy
1704067200293509201,97.96779256114148,21,buy
1704067200293630831,97.22854113430984,659,sell
1704067200294382557,97.02506990247895,939,buy
1704067200296496171,96.75884235701845,754,sell
1704067200297090007,97.01713949737685,655,sell
1704067200298325958,97.75530807755949,850,buy
1704067200299047393,98.57566348793812,816,sell
1704067200301265066,99.2150691033706,65,sell
1704067200301445391,99.86669275482322,121,sell
1704067200302838429,99.58347110503384,784,buy
1704067200302984887,99.92049380930241,306,sell
1704067200304304827,100.73397709055726,725,buy
1704067200305951107,101.21511649706197,434,buy
1704067200306101977,100.7251400011421,333,sell
1704067200309445571,100.00097896635569,826,buy
1704067200309858938,100.11502080686748,291,sell
1704067200310057047,100.59672379484303,332,sell
1704067200310985723,100.80929167282085,911,sell
1704067200312245916,100.29362152603073,391,sell
1704067200313190017,100.88416940548909,503,sell
1704067200313363933,100.29663036413797,58,sell
1704067200313805269,100.30057075148966,61,sell
1704067200316968564,100.6149023142669,736,sell
1704067200317839676,101.07311129959065,381,sell
1704067200317861546,101.02886927273394,571,sell
1704067200317918011,101.27531849918654,472,sell
1704067200318431885,101.1089210264502,152,sell
1704067200321082154,100.72408429997071,823,sell
1704067200323148191,100.82321061942612,576,sell
1704067200323503645,100.507830316068,160,sell
1704067200325651046,100.47090773351535,356,sell
1704067200329093687,100.06609111335652,154,buy
1704067200330168172,100.58517862500037,337,sell
1704067200330497366,100.87404242327429,638,sell
1704067200333139982,101.29763129678837,798,buy
1704067200335096976,101.621803593571,943,buy
1704067200336184367,102.4503403346697,23,buy
1704067200337440315,102.5919921347239,865,sell
1704067200337631603,103.2539740108005,587,sell
1704067200340337297,103.26511615460196,753,sell
1704067200341268483,102.6318815390899,271,buy
1704067200342450054,102.53385042353592,693,sell
1704067200344135733,102.90779873807931,795,buy
1704067200345138289,103.00911108259224,641,buy
1704067200345799262,102.09349084040252,325,buy
1704067200347034219,102.23419112777718,672,buy
1704067200347984613,102.3082554459469,853,sell
1704067200348578393,102.94430156618346,470,buy
1704067200348840887,102.77536144108373,619,sell
1704067200349160024,102.64962406505177,301,sell
1704067200349190317,102.90445554421017,99,sell
1704067200352408523,103.82863040358835,848,buy
1704067200352791890,103.46747393277771,894,buy
1704067200352907185,102.99176748258326,190,sell
1704067200355711921,103.03600945836396,748,sell
1704067200356560535,102.55853711656219,355,sell
1704067200357194229,101.96062911600212,261,buy
1704067200357313714,102.65542729570471,673,sell
1704067200357638108,102.582844190249,43,sell
1704067200358055029,103.00478104712116,699,buy
1704067200358140680,103.28203280153708,957,buy
1704067200358613395,103.37588016453233,184,sell
1704067200359473228,102.89502621933589,625,sell
1704067200361862132,102.65837520505124,728,buy
1704067200362075999,102.46689166261127,590,sell
1704067200362871692,102.99017419081774,37,buy
1704067200363166930,102.74718362637933,196,buy
1704067200363315559,102.91700037642204,937,buy
1704067200363679040,103.36590585830587,572,sell
1704067200363917508,104.19634170873677,67,sell
1704067200364483182,105.04342881054596,937,buy
1704067200364717428,104.38738281103228,945,buy
1704067200366035679,104.52581588563291,146,buy
1704067200366499286,103.82337186945672,893,sell
1704067200368722056,104.79565131460396,257,buy
1704067200369504629,105.40841975239375,250,sell
1704067200374561055,106.18165865734915,398,sell
1704067200374711438,106.24003719113165,532,buy
1704067200375232672,106.41376664524907,179,sell
1704067200375285041,106.97174084061238,276,sell
1704067200377534177,106.86038566311419,220,sell
1704067200377746042,106.68625917249635,328,sell
1704067200377876221,107.01109314060399,467,buy
1704067200378408540,107.45951969573272,756,sell
1704067200378892508,107.70562433996217,952,buy
1704067200379018492,108.907836175447,84,sell
1704067200379502459,109.17185140970656,932,buy
1704067200381580826,108.90812659920948,509,buy
1704067200381764171,108.32229561152307,491,sell
1704067200382120304,108.04897004267558,455,sell
1704067200384326873,108.02174998593426,950,sell
1704067200384954578,108.15775597501633,149,sell
1704067200387922541,108.88847608822432,362,buy
1704067200388564163,108.82659804030725,311,sell
1704067200388645728,108.11027535116517,119,buy
1704067200390550058,108.813219139093,589,sell
1704067200391897309,108.67523470557363,79,buy
1704067200393478318,108.24175885551284,180,sell
1704067200393623079,107.97638036563804,634,sell
1704067200395155825,107.46598841312414,670,sell
1704067200395201628,108.17366702647709,858,buy
1704067200396790546,108.09879252349728,323,sell
1704067200397394887,107.7694878485098,323,sell
1704067200398004039,107.94775011264898,416,buy
1704067200398566414,108.41947508595302,656,buy
1704067200399466080,108.8645068494355,647,buy
1704067200400145257,108.39548736692718,58,buy
1704067200400534883,108.4932272371247,432,sell
1704067200402445918,108.09642352017313,819,sell
1704067200404438992,107.84829580077458,335,buy
1704067200405536799,107.42038927477051,364,sell
1704067200406314262,106.998763208805,491,buy
1704067200408149807,106.2162075219985,324,buy
1704067200408322523,107.06286239030156,702,buy
1704067200409189152,107.07979996028735,889,buy
1704067200410505073,107.15563190532893,630,sell
1704067200410586770,108.05531248966628,316,sell
1704067200412302886,108.6932289251267,599,buy
1704067200413334360,108.68982469854507,958,buy
1704067200414998344,108.35922020559144,414,sell
1704067200415994297,108.80353547324887,996,buy
1704067200416158483,109.46062353677424,490,buy
1704067200416336157,108.15838268094998,123,buy
1704067200416344337,108.03505938234102,604,sell
1704067200416589514,107.28802635779869,71,sell
1704067200416730574,106.56945902531707,573,sell
1704067200417644259,106.15518075854055,233,sell
1704067200419015117,105.19853441087295,527,buy
1704067200420764179,105.15186318028142,141,buy
1704067200421321296,104.78943351046046,622,sell
1704067200423184307,105.27805921579251,299,sell
1704067200423820359,104.77644633188575,162,sell
1704067200424946477,104.96952356945712,564,buy
1704067200425495933,104.92402396677247,606,sell
1704067200425508281,105.28440146145117,316,sell
1704067200426078638,105.19843996860577,996,sell
1704067200426867487,104.68548896361571,11,buy
1704067200428090717,104.15271830457826,19,buy
1704067200428759083,104.01947893271496,181,buy
1704067200429831684,103.89187077602351,69,buy
1704067200430854983,103.35621440215205,657,sell
1704067200431350641,103.11372776684561,915,sell
1704067200431934194,102.66698537139202,551,sell
1704067200433124223,101.90180552226559,608,sell
1704067200433780136,102.41479576432866,830,buy
1704067200434445928,102.3143179307226,568,buy
1704067200435298375,101.65734766282965,197,sell
1704067200435469826,101.50681402887045,671,buy
1704067200435499723,101.98953901863179,336,sell
1704067200436554964,101.98441915588877,519,sell
1704067200438500587,101.79836586263701,719,sell
1704067200438689675,101.71615542918401,283,sell
1704067200438965863,101.98692819889048,592,buy
1704067200440082382,101.53173563972997,629,sell
1704067200440932063,101.93862775025252,360,buy
1704067200441376002,102.06936359232724,630,buy
1704067200441831446,102.26290308428233,371,sell
1704067200442265439,102.2341770016622,676,sell
1704067200443210099,102.83403952494704,456,buy
1704067200444744865,102.26970613797346,752,sell
1704067200445185384,101.69489937526386,640,buy
1704067200446623571,101.18438340462374,469,sell
1704067200447848912,101.74122016736678,804,sell
1704067200449844310,101.14581961791524,607,buy
1704067200450384293,100.76132054157077,191,buy
1704067200451482308,100.70296154653767,810,sell
1704067200452855895,101.33791992828489,111,sell
1704067200454122780,100.87400055176073,880,sell
1704067200455506775,101.45130124645588,173,sell
1704067200455932661,101.67894315568587,702,sell
1704067200455988040,102.4562986626143,457,buy
1704067200456889926,102.32782932101306,698,buy
1704067200457997730,101.59744067869475,190,sell
1704067200458181092,101.78276939175723,949,sell
1704067200458425038,101.87309493974001,344,sell
1704067200459791641,102.6407460245137,753,sell
1704067200465660510,102.4792176631371,100,buy
1704067200466004006,102.11940625630524,500,sell
1704067200466750490,102.20706516620828,686,sell
1704067200471858776,102.44619744604054,623,sell
1704067200472626481,102.66510408635202,830,buy
1704067200473320020,102.7638453094207,919,buy
1704067200474941731,102.17360227111496,755,buy
1704067200475285575,102.48586292743484,669,buy
1704067200476514710,102.3872282135884,647,sell
1704067200477881589,101.76316265442485,817,sell
1704067200478037257,102.07524921274765,661,buy
1704067200479559952,102.34930807470164,122,buy
1704067200480088085,103.04726555908331,241,buy
1704067200480302659,103.45047343629507,29,sell
1704067200480385183,103.44712954856236,29,buy
1704067200480558311,103.81002819795877,336,sell
1704067200480816686,103.82086339240736,931,buy
1704067200480893694,103.83047383137038,780,buy
1704067200481200583,104.20684603236532,222,buy
1704067200483429871,103.85148217348281,296,sell
1704067200483855004,103.71273462700235,669,buy
1704067200484983262,102.85987780837876,952,sell
1704067200485544664,101.74368973297805,541,buy
1704067200485617698,101.58568081700373,448,buy
1704067200485684589,102.03322045593633,293,buy
1704067200487493094,101.82236807326723,887,buy
1704067200487557199,101.98333303746024,958,sell
1704067200491312405,102.36557685570807,658,buy
1704067200491673450,102.70938251490979,582,buy
1704067200492961392,103.48107657609687,619,buy
1704067200493849462,102.86389449918939,614,sell
1704067200494160517,102.18820863609187,155,sell
1704067200497515835,102.80102904401092,603,sell
1704067200497754840,101.98461674159111,893,buy
1704067200498710147,101.60255160378716,970,sell
1704067200503602593,101.54315356165327,100,sell
1704067200504111821,100.82598259129699,987,sell
1704067200504204478,100.89845546723728,182,buy
1704067200504445562,100.45484346045616,89,buy
1704067200507162281,101.25503940149602,725,buy
1704067200507168889,101.5492616476165,909,sell
1704067200507648616,101.55003315511904,20,buy
1704067200510217457,101.42513159789077,527,sell
1704067200512844555,101.10636543701796,903,buy
1704067200513819382,100.62865066532392,506,sell
1704067200515392118,100.56588303920547,469,buy
1704067200516975457,100.27954754550137,379,sell
1704067200517497632,100.7917052771514,468,buy
1704067200518465491,100.99112036894674,806,buy
1704067200518497727,100.30045433504385,609,sell
1704067200518613214,100.7649560936679,446,buy
1704067200518840014,100.92904657079464,28,sell
1704067200519075628,100.71511748974889,372,buy
1704067200519465057,101.15462563699474,143,sell
1704067200520324995,100.54626536832244,850,buy
1704067200521264846,100.39703958805869,430,sell
1704067200521317882,98.97257822736717,832,sell
1704067200524488814,100.08699773003114,274,sell
1704067200524547232,99.89649652464496,627,buy
1704067200525204388,100.33525410182291,715,sell
1704067200525359926,100.92003690795511,916,sell
1704067200526361958,101.18707421308991,231,sell
1704067200526490461,101.07487913618677,405,buy
1704067200527449758,100.89127849898644,410,sell
1704067200527976670,100.6529988754565,646,sell
1704067200528066541,100.81751657738663,391,buy
1704067200528243500,100.17342469271844,653,sell
1704067200528271505,100.41557213743172,430,sell
1704067200528669215,100.9147861230615,395,buy
1704067200529508944,101.24351175470242,579,sell
1704067200529591083,101.60856125915122,377,sell
1704067200530041419,102.33288898652155,160,buy
1704067200530949425,102.46875625410976,660,buy
1704067200532000147,102.54155661253034,412,buy
1704067200533896644,102.5164732115517,561,buy
1704067200536338466,102.71436049884417,551,sell
1704067200536957116,102.60189180245492,423,sell
1704067200537376787,103.01732938241325,345,sell
1704067200538595793,103.36919854972355,365,sell
1704067200538756746,103.40955267433694,517,buy
1704067200543226022,103.20789879467485,769,buy
1704067200544684737,103.8190754817249,149,sell
1704067200544727566,103.43425821043641,814,buy
1704067200545673382,104.02057169391315,955,sell
1704067200547718973,103.75797231577631,865,sell
1704067200548920338,104.2870472324374,475,sell
1704067200550320575,103.78879690172816,950,sell
1704067200550448851,102.44950172959378,762,buy
1704067200552008013,103.05543753964525,400,buy
1704067200553088278,103.11109501485566,254,sell
1704067200554144231,103.0739184965146,10,sell
1704067200555265503,103.07356438062521,602,sell
1704067200559753496,103.30434410283719,213,buy
1704067200560022933,104.03539218878423,184,buy
1704067200562104923,104.19906992666687,341,sell
1704067200562805411,104.71583479756063,811,sell
1704067200564008809,103.60315492971083,202,sell
1704067200564140151,104.4162492249294,607,buy
1704067200565525861,104.93863507025644,272,sell
1704067200565627634,105.56088671021934,378,buy
1704067200570749781,105.90895673581427,993,buy
1704067200572201996,105.73056981379133,380,buy
1704067200572725041,106.5082887648967,927,sell
1704067200574053995,106.58391841191359,813,buy
1704067200574941502,106.97700865188081,47,sell
1704067200576554905,106.05453083921444,80,sell
1704067200577801448,105.75338104677978,647,buy
1704067200577835423,105.28770739674702,986,sell
1704067200578786293,105.63809572624845,315,buy
1704067200580786745,105.90733892216761,557,sell
1704067200581311558,105.83610840047645,699,buy
1704067200581997935,106.09473900911392,42,sell
1704067200582263990,105.83144269632302,225,buy
1704067200583970488,105.80114495461255,964,buy
1704067200587457770,105.73651881604077,837,sell
1704067200587905960,105.49360070994037,876,sell
1704067200589433708,106.50455367843956,807,sell
1704067200589591965,106.3641696324888,706,sell
1704067200590921254,106.71391830278783,30,buy
1704067200591818941,106.84223400291945,752,sell
1704067200592221971,106.87061653535434,908,buy
1704067200593417416,106.99839756892278,406,sell
1704067200593610890,108.01572573655939,620,buy
1704067200593650160,108.02397452628492,493,buy
1704067200593787797,108.73977045593001,880,sell
1704067200594639496,108.60018757288474,504,buy
1704067200595745432,108.66435084706164,876,buy
1704067200596218445,108.17644075086393,795,sell
1704067200597736431,108.33902073559561,112,buy
1704067200598221824,109.06624157201615,182,sell
1704067200599146243,109.497358178968,880,buy
1704067200599859951,109.34330846442445,470,buy
1704067200604774229,109.32736652285634,162,buy
1704067200605073784,109.83382287055636,541,buy
1704067200606551286,109.0335915601121,423,sell
1704067200607250977,109.00611316587718,639,sell
1704067200607446911,108.8248429475227,887,buy
1704067200608235958,108.9010738456446,122,sell
1704067200609713317,108.17843040813946,903,sell
1704067200610192691,108.67089443695002,640,buy
1704067200610714223,108.35738805301197,790,buy
1704067200610997142,107.83451804092984,437,buy
1704067200612961261,107.66932608797319,473,sell
1704067200615094898,107.8922729006031,895,buy
1704067200615627335,107.45403181836016,742,buy
1704067200615748384,107.46673590368577,893,sell
1704067200615890131,108.10783726258717,756,buy
1704067200616714509,108.12813237621702,863,sell
1704067200617072899,108.42546702669424,200,sell
1704067200618059700,108.42720263209169,387,sell
1704067200618200012,107.91525609213166,676,buy
1704067200619853248,106.98330933534663,184,sell
1704067200622035103,107.06306717335833,669,buy
1704067200623552222,107.28189080054763,642,buy
1704067200624578254,107.21296872049173,857,sell
1704067200624812043,106.75071632716144,244,sell
1704067200625123377,106.80472010991262,984,sell
1704067200625427367,106.50134568509236,676,sell
1704067200625897463,106.98275724080885,738,buy
1704067200626812448,107.80862677888601,922,buy
1704067200628210958,107.21706870449991,364,sell
1704067200628587458,106.28659905283723,209,sell
1704067200628669774,106.37613933310527,694,sell
1704067200629183640,106.0322527016941,346,buy
1704067200631093354,105.7863916817195,735,buy
1704067200633385854,106.15377711305334,652,buy
1704067200633706335,106.66032177246288,572,buy
1704067200633859319,107.13985600615267,773,sell
1704067200634230707,106.02280267916876,217,sell
1704067200635169656,106.63666014565433,883,buy
1704067200635200128,107.5419010158083,824,buy
1704067200635970478,107.80514239617067,123,sell
1704067200636206559,108.18394575593929,538,buy
1704067200636574028,108.37519033452269,486,sell
1704067200636730967,108.62363241083429,20,sell
1704067200639974625,108.01533509858473,592,buy
1704067200640294375,108.33309836992568,694,buy
1704067200640500084,108.42585441012707,316,sell
1704067200641375654,108.08654664432827,87,sell
1704067200641580436,108.31252406041419,903,sell
1704067200642056429,108.61319534471471,858,sell
1704067200643352494,107.57559633772641,260,buy
1704067200644891450,107.67375505312353,68,sell
1704067200645456131,107.14530491740092,68,sell
1704067200646329835,107.38856662521604,709,buy
1704067200648384546,107.57206822442478,66,buy
1704067200648683319,107.96669082569471,201,buy
1704067200649572403,107.55037917378141,277,buy
1704067200649811188,107.94622171797536,150,buy
1704067200651581538,108.42606833330234,339,buy
1704067200654231103,108.90533002023362,988,sell
1704067200654699561,109.36613282675586,891,buy
1704067200654999344,109.76572186360995,467,buy
1704067200655063093,109.80693514732152,101,sell
1704067200658255994,109.93300322540935,269,buy
1704067200659340881,109.14362188971512,874,sell
1704067200659833622,108.78517976118297,558,sell
1704067200660025070,108.97478831944042,736,sell
1704067200661039619,108.93384054678944,780,sell
1704067200662779241,108.98838458221067,539,buy
1704067200664468495,109.08950951190087,281,buy
1704067200665752582,108.74732320510644,669,buy
1704067200666077175,108.65785555714065,871,buy
1704067200666234552,107.43204077943385,91,sell
1704067200667355309,106.7499894212432,403,buy
1704067200669223814,106.81273745823842,601,buy
1704067200670030371,105.74272430227792,915,sell
1704067200670158187,104.87660061130012,443,buy
1704067200671274035,104.71536510768298,424,buy
1704067200671825629,104.74738808178388,298,sell
1704067200673021384,104.52271570708069,548,buy
1704067200673054339,104.42351320224273,768,buy
1704067200673333655,105.27584096138509,677,buy
1704067200675143613,105.08782695728476,367,sell
1704067200675712310,104.94051369811639,90,buy
1704067200675814401,104.95219596947277,898,sell
1704067200677521435,105.39548400094398,831,sell
1704067200677962862,105.27083205000295,718,buy
1704067200678918322,105.66660979822743,214,buy
1704067200679130515,105.39164938021304,850,buy
1704067200679153558,105.13286362499211,617,buy
1704067200680109777,105.19896017863628,499,sell
1704067200680196308,105.05382594450286,151,buy
1704067200680829018,105.3055730515309,862,buy
1704067200681874867,106.04437993685605,584,buy
1704067200684163775,105.42831725801528,769,buy
1704067200684182892,105.4657739394378,225,sell
1704067200685216498,105.7512568925203,500,buy
1704067200685420535,105.29485330232916,261,sell
1704067200686284561,105.17449380937556,436,buy
1704067200686564035,105.44817919873282,194,buy
1704067200688461897,105.46081609006622,123,buy
1704067200691483267,105.4927363666617,93,buy
1704067200692597243,106.21487355518188,956,buy
1704067200693880648,107.6144768423063,38,sell
1704067200696352987,107.63138110435406,384,buy
1704067200697036334,107.34521892113429,786,sell
1704067200697609951,107.15832321041034,225,sell
1704067200702131419,106.82049160188294,98,buy
1704067200702939587,107.47226811952298,109,buy
1704067200706122218,107.78312896063024,128,buy
1704067200706605223,107.86298663742022,735,sell
1704067200706791585,107.1261118948419,641,buy
1704067200709490710,107.82929486090742,992,sell
1704067200709616561,107.60053170417656,705,buy
1704067200710175023,107.57388507692731,700,buy
1704067200711013326,107.49138403753604,696,buy
1704067200711298092,107.39631430182261,262,sell
1704067200714157289,107.75297822841175,664,buy
1704067200717084965,107.7764522940342,564,buy
1704067200720934915,107.3196207375718,440,sell
1704067200721307239,106.46582450072061,376,buy
1704067200722595763,106.052067163796,252,sell
1704067200725087830,106.3766000558958,520,sell
1704067200726469431,106.50303044126855,283,sell
1704067200726888688,106.143610039406,490,buy
1704067200728445964,105.87727719394415,966,sell
1704067200728984925,106.39264261343591,615,sell
1704067200731195906,105.81284200699235,739,buy
1704067200735494064,106.02822373977473,155,sell
1704067200735594332,105.01205899936008,892,buy
1704067200736162781,105.43898535974017,875,buy
1704067200736927389,106.32424724994658,59,buy
1704067200739485566,106.97050366590113,642,buy
1704067200740035065,107.70880618451902,298,buy
1704067200740062786,108.65659642901416,750,sell
1704067200740632238,108.98650646507336,285,buy
1704067200741687878,108.46562277388388,252,buy
1704067200743401037,109.07994461730519,421,buy
1704067200743529953,108.92883492104102,573,sell
1704067200743889149,108.81738220525162,841,buy
1704067200745727051,107.88631211207856,515,buy
1704067200747324707,108.04501136989313,670,buy
1704067200747867849,108.01242360047931,324,sell
1704067200747987089,107.22264506555761,662,sell
1704067200748768567,107.48075231579222,418,sell
1704067200752661365,108.17911429190822,193,buy
1704067200753268336,108.2428455391214,352,sell
1704067200754540695,108.72584674425711,269,sell
1704067200754926819,108.78730241319676,169,buy
1704067200755171989,108.12717960748805,283,buy
1704067200755478754,108.01152957445841,590,buy
1704067200755944179,108.00617599601627,844,sell
1704067200756923517,107.65532313462364,169,buy
1704067200758231794,107.04382075705618,140,sell
1704067200758280997,106.88209832036075,422,sell
1704067200758817087,106.09331632832522,829,sell
1704067200760037776,106.6016120496239,543,sell
1704067200761483753,106.0502801458082,988,buy
1704067200763290192,106.66931503519014,831,buy
1704067200763330035,106.33385338208157,542,buy
1704067200766886513,106.78285896608246,80,buy
1704067200767533157,106.98083898137153,642,sell
1704067200768416425,106.62297534137524,27,sell
1704067200769348599,107.18706779043416,279,sell
1704067200770027484,107.09629571328223,960,sell
1704067200770648412,107.57529208781152,133,sell
1704067200770812923,108.05149607997811,264,buy
1704067200770887981,108.2669705423565,257,sell
1704067200772158893,108.31775462208557,676,buy
1704067200772487851,108.69517348406004,91,sell
1704067200772998327,108.24658663471811,839,sell
1704067200775691358,108.83270805550191,591,sell
1704067200775766531,108.4419724775209,616,sell
1704067200776778132,108.96343520958814,788,buy
1704067200778362773,109.40627579354855,836,buy
1704067200778564437,109.00143327654126,850,sell
1704067200779567078,109.34005123140486,716,buy
1704067200780203084,109.44684081893774,476,buy
1704067200780427126,109.66841292904721,596,buy
1704067200780907609,108.06331447068797,393,buy
1704067200781387176,108.92437522602737,541,buy
1704067200782638192,108.58253240142972,943,sell
1704067200782901914,109.01233113102788,443,buy
1704067200783684361,108.2851437892163,971,sell
1704067200784545260,107.81372330302507,949,buy
1704067200784572736,108.93715906496381,686,sell
1704067200785065275,108.48297639381907,366,sell
1704067200786832749,108.35538193839062,125,sell
1704067200789586439,107.92223819807491,245,buy
1704067200792733825,108.3214423866065,47,buy
1704067200792735522,108.17376954130083,713,sell
1704067200794082937,108.49315737601346,633,buy
1704067200794723240,108.53317278347646,516,sell
1704067200794967251,108.21256612378247,929,buy
1704067200795767951,107.98140828115936,189,buy
1704067200796383535,107.98683722848997,122,buy
1704067200797033049,107.62937500698358,128,sell
1704067200798460730,108.32869547586648,46,buy
1704067200799126611,108.4904344285588,187,buy
1704067200799356338,108.57455638587734,811,sell
1704067200800917040,108.56409844058587,826,buy
1704067200800929772,108.87515024328955,301,sell
1704067200801684482,109.17832729418376,310,sell
1704067200804117859,109.20981704246972,55,buy
1704067200805017711,108.55358640236321,539,buy
1704067200805644076,108.11830309684854,571,sell
1704067200805816463,107.62822610985825,951,sell
1704067200805970066,107.39903673644586,980,buy
1704067200808374192,106.92477932048043,350,sell
1704067200810085623,106.44865885305369,670,sell
1704067200810273892,107.13624334218471,971,buy
1704067200810447943,107.83660599895484,195,sell
1704067200810500813,107.58711896262534,580,sell
1704067200811924582,107.96345583413344,493,sell
1704067200813072209,108.29614639008994,243,buy
1704067200813141674,108.93369841931131,637,sell
1704067200814423584,108.20006154274981,400,buy
1704067200816639982,109.37190698154575,590,buy
1704067200816748026,109.85931225841213,683,buy
1704067200816799401,109.50820451551512,758,buy
1704067200818145933,109.74494515001079,453,sell
1704067200818412509,110.32915760056316,675,sell
1704067200820568494,110.29197357477446,486,buy
1704067200821409111,110.61233319692789,541,buy
1704067200821704641,110.96395608070115,406,sell
1704067200822779919,110.4853339838743,94,buy
1704067200823477189,111.16156866018397,26,buy
1704067200823988074,110.29948437593555,456,sell
1704067200824355261,110.81171943278501,756,sell
1704067200825088779,110.78986511264739,285,sell
1704067200825637461,110.50007441305253,925,buy
1704067200826655308,110.2083243318751,684,buy
1704067200828585130,109.54375389294309,348,sell
1704067200829817346,109.32492323604296,672,sell
1704067200830141513,108.89349621157554,663,buy
1704067200831640495,109.22762193185626,104,sell
1704067200834168339,108.35510522617484,390,buy
1704067200837025804,109.03965939096445,965,sell
1704067200837035724,108.48452134875701,255,sell
1704067200837917926,108.32452004305907,356,sell
1704067200839035439,108.08132305485994,65,sell
1704067200839478537,108.0837997862807,309,buy
1704067200840411254,108.7479194110275,336,sell
1704067200841677133,107.90338401893078,934,buy
1704067200843138762,107.7883991845273,37,sell
1704067200844280943,106.60869232205243,164,buy
1704067200847624544,106.97550938022341,667,sell
1704067200851031846,107.23824210970918,893,sell
1704067200851252760,107.07351805792469,877,sell
1704067200851384724,107.27104396759812,779,buy
1704067200851461093,107.36287517262919,275,buy
1704067200853584646,106.44398302827284,88,sell
1704067200853907004,106.5234200066494,757,sell
1704067200853922039,106.20851315634867,80,sell
1704067200856411869,105.69920125124985,271,buy
1704067200856430093,105.30099314072326,979,sell
1704067200856932697,105.67517265405233,945,buy
1704067200859955189,106.0280630750324,535,sell
1704067200860133122,105.4889956201938,950,buy
1704067200860902735,105.58725090766092,220,buy
1704067200861142008,104.90080108972553,601,sell
1704067200864479701,104.80434275707874,135,sell
1704067200865503331,104.57526497627924,227,sell
1704067200866550806,104.5556128231332,453,buy
1704067200868043510,104.91509177975601,677,sell
1704067200868295338,104.86809390277261,577,sell
1704067200871279157,105.17994790274224,748,sell
1704067200872520092,105.01604423100012,571,buy
1704067200874862090,105.46216625011027,451,sell
1704067200877026032,104.9817409283917,398,sell
1704067200877847745,105.09069007723839,711,buy
1704067200878951904,104.58686427292807,658,buy
1704067200879004963,104.61671775788771,266,buy
1704067200880481071,103.9734139546402,516,sell
1704067200881741094,104.18703019695883,331,sell
1704067200882878815,105.08740235946371,829,buy
1704067200883294235,105.60107840401467,801,buy
1704067200886528752,106.25973274268445,149,buy
1704067200886696370,106.11095119614122,463,sell
1704067200887271487,106.239832434318,139,buy
1704067200887541075,106.99477917559022,44,buy
1704067200887933527,107.75727619558498,443,sell
1704067200888495637,108.192807439497,325,sell
1704067200888832543,107.68557811885594,100,buy
1704067200893621991,108.52071457927379,903,sell
1704067200894591597,108.79877726521963,393,buy
1704067200894900562,108.14778326396998,867,sell
1704067200895015506,108.3938614055364,915,sell
1704067200897030969,108.63535982434236,438,buy
1704067200898432720,108.84860667304135,718,sell
1704067200899204130,107.80276861214902,745,buy
1704067200899597101,107.5094035891817,567,sell
1704067200899650389,107.4061598542807,226,buy
1704067200900190254,107.8612611260154,133,buy
1704067200901359714,108.84308266273743,577,sell
1704067200904881927,108.83199110014066,964,sell
1704067200905427599,109.12191880517412,631,buy
1704067200906861549,108.86758394188797,912,buy
1704067200907928673,108.87654776952306,784,sell
1704067200908293626,107.53053299607335,897,sell
1704067200910125118,108.04282819705773,218,sell
1704067200911541690,107.01249171848092,787,sell
1704067200911644451,107.04307893828441,478,sell
1704067200911889541,107.37934512246856,789,sell
1704067200912362951,107.51464532254035,232,sell
1704067200912682690,107.45607452832378,594,buy
1704067200912816199,107.29202148527193,583,sell
1704067200914712436,107.2509100363994,765,buy
1704067200915018670,106.96380345016215,42,buy
1704067200915306523,107.04516729692706,974,sell
1704067200917222774,106.01107371204819,611,sell
1704067200918556346,105.60189757728877,951,buy
1704067200919339187,105.50313597084633,461,sell
1704067200920265602,105.02571662698834,821,sell
1704067200921009398,104.99152949912576,10,buy
1704067200922474569,105.51345083276031,764,sell
1704067200922915663,105.29037069054284,899,sell
1704067200923488830,105.71369759436345,599,buy
1704067200923698596,105.87518071881739,85,buy
1704067200926385769,106.2333952390853,528,sell
1704067200927126597,106.25576893580447,594,sell
1704067200927392040,106.12423375119361,400,sell
1704067200927672884,106.36665066353824,255,buy
1704067200927831437,106.55472407219494,645,sell
1704067200928103416,107.42934987566125,312,sell
1704067200928574952,107.54119310571001,88,sell
1704067200928803867,107.46817275004804,623,sell
1704067200929987001,106.8702804981859,555,sell
1704067200930166893,107.36445967812773,206,sell
1704067200930943579,107.70770037288911,740,sell
1704067200932324367,107.01304039334255,923,buy
1704067200932777512,106.88454027602796,90,sell
1704067200935432929,106.63538331157187,868,buy
1704067200936612444,106.37405283593752,131,sell
1704067200936689930,106.46093605924699,482,sell
1704067200937385797,105.79500723843468,525,sell
1704067200938484955,105.1304619385774,660,buy
1704067200938585983,104.40627355898334,667,buy
1704067200942482116,104.51425588744556,698,sell
1704067200942495236,104.2265422137601,650,sell
1704067200943590779,103.69863139409678,539,buy
1704067200944075875,104.22391507843184,350,sell
1704067200944244140,104.39535522504924,665,buy
1704067200944254552,104.85254482081837,929,buy
1704067200945093487,104.85551621842988,191,buy
1704067200946832012,105.18029865737313,315,sell
1704067200946935179,105.46032742492659,111,buy
1704067200947998788,105.69229426419223,138,buy
1704067200948378295,105.59924022171984,409,buy
1704067200948749822,105.26061629215721,244,buy
1704067200949569263,104.85544849814555,930,sell
1704067200950781017,105.60290465218256,644,buy
1704067200952539499,105.03211600093489,482,buy
1704067200952668395,105.33920381477319,24,sell
1704067200952823583,104.83258058798727,454,sell
1704067200952926362,104.0777389034625,75,sell
1704067200953441842,103.97262106269827,501,sell
1704067200954437128,104.24946376278166,206,sell
1704067200955160766,104.38279249497741,404,sell
1704067200955280120,104.36696774291634,607,sell
1704067200955805034,104.98615157298227,640,sell
1704067200956111894,104.6838774145687,69,sell
1704067200958251777,105.28775356002605,170,sell
1704067200958334348,104.53294756704385,448,sell
1704067200959135541,104.15037882491734,82,buy
1704067200961208796,104.55955558356175,45,sell
1704067200961299144,104.41315078339875,688,sell
1704067200961330968,104.17428466381803,95,buy
1704067200961358219,104.32837016533504,172,buy
1704067200961548850,104.05879800636141,994,sell
1704067200961601171,104.1781003430302,680,buy
1704067200963840850,104.30227957707518,863,buy
1704067200965074549,103.5693659301518,548,buy
1704067200965107481,103.54703625633773,571,sell
1704067200965117748,103.62203176278372,922,buy
1704067200965613351,104.68291700305204,135,sell
1704067200966848602,104.67949696941012,520,buy
1704067200967138071,105.36006758482507,527,sell
1704067200967804001,105.62647074777496,629,buy
1704067200968693390,105.41095525122384,810,sell
1704067200969125477,105.53067535822544,860,buy
1704067200969907506,105.1047143515146,252,buy
1704067200969949205,105.34989680925207,541,sell
1704067200971190174,105.67514224950368,661,buy
1704067200971413629,105.70093919202955,834,buy
1704067200974130239,104.90576962920068,422,buy
1704067200974134919,104.9386380103288,988,buy
1704067200974665511,105.28308523117343,615,buy
1704067200975387575,104.65934067388001,292,sell
1704067200976032466,103.75082056182701,945,sell
1704067200976511596,103.6497759171257,251,sell
1704067200977764860,103.72725367908374,842,buy
1704067200978034411,104.361079979092,56,sell
1704067200979432767,103.7838545007704,696,sell
1704067200979749046,103.93969218269326,587,sell
1704067200981188003,104.40849169638368,399,buy
1704067200981216847,105.36681577467351,631,sell
1704067200982903389,105.1117024181982,943,buy
1704067200983652634,105.11441450416538,166,buy
1704067200983715355,105.41156768488617,155,sell
1704067200984691943,105.40268932716643,192,sell
1704067200985169279,105.66252549024324,432,buy
1704067200985496951,105.19933721805198,154,buy
1704067200988975633,104.96141351585585,330,buy
1704067200989048620,104.587012636607,75,sell
1704067200989520971,104.11352192565118,158,sell
1704067200990024349,103.55115940999389,98,buy
1704067200990665437,103.66795226362348,342,sell
1704067200992288860,103.13165491249093,311,sell
1704067200992718033,103.6896030974712,593,sell
1704067200992739737,103.9426883413831,637,sell
1704067200993890433,103.6562279661989,803,sell
1704067200994481446,103.55020784451595,752,buy
1704067200997316249,104.42792700612728,562,buy
1704067200998832624,104.53166639065181,693,sell
1704067201000363867,104.84689676720745,307,sell
1704067201003928297,104.30589831991384,531,sell
1704067201005264563,103.32507212155872,373,buy
1704067201009044633,102.77392821088037,132,buy
1704067201010328601,102.82344649082128,399,sell
1704067201011475159,102.42987906480424,288,sell
1704067201012286382,102.74505925855782,645,sell
1704067201014323335,103.0799842132561,172,buy
1704067201014784211,102.56604512392194,526,sell
1704067201014900667,102.89140757341625,434,buy
1704067201016371374,102.60024089539952,335,buy
1704067201016743095,102.89138937430843,675,buy
1704067201018236670,102.49558186038762,358,buy
1704067201021937302,102.5431029093642,414,buy
1704067201022502551,102.92259526601693,284,buy
1704067201023754530,102.35342996464655,465,buy
1704067201024611715,102.67257127978039,619,sell
1704067201028756777,103.03337035478036,402,sell
1704067201029877592,102.43704847205974,455,buy
1704067201029997370,102.23329437715347,171,buy
1704067201031933590,101.76593986671514,224,buy
1704067201032638137,102.18018384322065,815,sell
1704067201035250317,102.3642569639167,486,sell
1704067201035842264,102.26964368646307,551,buy
1704067201036134098,102.52007523018301,100,sell
1704067201036855855,102.78527965755708,120,buy
1704067201037533256,102.6400393426223,54,buy
1704067201038528007,102.4528811548553,444,buy
1704067201043759017,101.66987200945445,714,buy
1704067201044434125,101.3174774262285,100,sell
1704067201044481496,100.13559617914198,299,sell
1704067201045085332,100.3848979463846,894,sell
1704067201045370426,99.98806465163916,995,sell
1704067201046147564,100.26796860004872,862,buy
1704067201047195223,100.13061379966828,712,buy
1704067201049156629,101.20635717910147,635,buy
1704067201050067494,101.69755786352593,958,buy
1704067201051423512,101.50809092077792,290,buy
1704067201052562369,101.43630897610797,450,buy
1704067201052778132,101.20755492004635,934,buy
1704067201054550651,101.21877880812514,774,sell
1704067201055702583,101.04924019424767,989,buy
1704067201062152007,101.10972863463626,629,sell
1704067201063949824,100.2591157886061,972,sell
1704067201063963037,100.13290839452873,411,buy
1704067201064774340,99.6595068469019,741,sell
1704067201065294431,99.70239046660923,978,sell
1704067201066860062,101.02328913536557,681,sell
1704067201067454433,100.63054724004056,465,buy
1704067201068241235,100.33544684033009,806,sell
1704067201068495888,100.32587912247334,372,buy
1704067201068677780,100.55528235553085,999,buy
1704067201070644238,100.59720156266852,892,buy
1704067201071886785,100.75570661024653,82,sell
1704067201072046785,101.1986335749232,772,sell
1704067201074411135,102.0840565657202,751,buy
1704067201074582672,102.46670291384326,201,sell
1704067201074882119,102.51127609163392,789,buy
1704067201078952242,102.26971110125956,420,sell
1704067201080283420,102.54281031083815,839,buy
1704067201081949213,102.3339221930112,523,sell
1704067201082242154,103.02132834874793,187,buy
1704067201083461313,103.27982861988374,798,buy
1704067201084235997,104.03950980997931,381,buy
1704067201085144675,104.14957583913242,556,buy
1704067201086424082,104.07845011333995,777,sell
1704067201088018394,104.75410558201415,935,buy
1704067201089111989,104.43203557671414,426,buy
1704067201089325553,103.96807832863445,678,sell
1704067201089689882,104.92579423005907,135,buy
1704067201090196420,105.43724882645604,373,sell
1704067201090517731,105.42428241972101,460,sell
1704067201091094284,105.08771695430441,738,sell
1704067201091719343,105.41138751071206,31,buy
1704067201092592675,104.92179166721793,240,sell
1704067201093016950,104.92211055477226,347,buy
1704067201094149422,104.82039262389661,542,buy
1704067201095646399,104.9688953371487,211,buy
1704067201095989859,105.21767804226324,766,sell
1704067201096405445,105.05942967843987,434,buy
1704067201097613645,105.55235255846175,441,buy
1704067201099316359,104.96171639847957,574,buy
1704067201101223718,105.37181540636537,66,buy
1704067201104974061,105.27265174134874,626,buy
1704067201105272768,105.66387525131621,539,buy
1704067201106109629,106.09962919317402,242,buy
1704067201107439640,106.99656464267242,294,buy
1704067201109344690,105.99421217473929,57,sell
1704067201109986168,106.30517666250049,73,sell
1704067201110398745,106.2824885146538,156,sell
1704067201110671828,106.76365435816474,671,buy
1704067201110911571,106.34466313212062,570,sell
1704067201111006009,107.0382328007665,673,sell
1704067201113585279,107.09265011494844,269,sell
1704067201114808478,107.41870846479264,922,sell
1704067201116463018,106.50421776151725,699,sell
1704067201117363926,105.98787915519686,326,buy
1704067201118762072,105.53930673369085,665,sell
1704067201118874689,105.28372182177695,595,buy
1704067201119419399,106.27172432295046,714,sell
1704067201120270337,106.4571892935827,16,sell
1704067201121008042,106.03302660218928,599,buy
1704067201121180759,106.96639183823655,321,buy
1704067201121401388,106.98131540233017,909,buy
1704067201123371863,107.74251770490893,46,sell
1704067201123491261,107.58189820968838,560,sell
1704067201124386884,106.73699461444454,633,buy
1704067201125032394,106.67699242025009,899,sell
1704067201127233221,106.23045884854652,185,buy
1704067201134407987,106.22803770702944,60,buy
1704067201136146317,106.18320232938778,602,sell
1704067201137819475,107.11105754679815,912,sell
1704067201141993952,107.20338914014208,293,sell
1704067201142734208,106.76973166447168,456,sell
1704067201144803755,107.32767924142102,87,buy
1704067201146148259,107.69483518047562,751,sell
1704067201147110008,106.84729494604898,889,sell
1704067201147891389,107.04759819219177,932,buy
1704067201148228547,106.48713262768754,264,sell
1704067201148707572,106.49954746861002,935,sell
1704067201148959198,106.48472301807493,276,buy
1704067201151012408,105.91298844744631,218,buy
1704067201151264442,106.29963593955905,972,sell
1704067201151426868,107.3373882005652,261,sell
1704067201151638293,107.12917401412243,320,sell
1704067201152055994,107.51414130359647,616,buy
1704067201152632270,107.23481890920097,601,buy
1704067201153120910,107.42920359438259,156,sell
1704067201154299851,107.74579593495865,817,sell
1704067201154685049,107.64628203028445,996,buy
1704067201155680628,108.33100876151465,489,sell
1704067201155849812,107.39812779346107,951,sell
1704067201157743204,107.32066863876221,837,sell
1704067201158320244,107.02745770260674,854,buy
1704067201158502692,107.4252119088542,299,buy
1704067201159109491,107.64748152185298,100,sell
1704067201160833271,107.38679136811128,456,buy
1704067201162154474,108.36461361541133,96,sell
1704067201162750860,108.83279401405487,351,sell
1704067201162754715,108.51222806149592,482,sell
1704067201164018066,109.1606922397168,771,buy
1704067201165248963,109.05229076138212,169,buy
1704067201166173024,109.5980787622863,831,sell
1704067201166473340,109.44916455255789,539,sell
1704067201166749347,109.33963650849545,414,sell
1704067201167011722,109.06139909228446,166,sell
1704067201167185781,109.97414788031536,430,sell
1704067201167397105,109.80323703380567,191,sell
1704067201172699430,108.76983985957084,204,sell
1704067201175223127,107.85876049059654,631,sell
1704067201176917227,107.72237936484593,937,sell
1704067201179049077,108.06568279314904,248,sell
1704067201179243657,108.1064108938984,285,buy
1704067201181535516,107.87933715686579,568,sell
1704067201182589612,108.12748786058683,876,sell
1704067201183153955,108.42929058816621,922,buy
1704067201183413437,107.62778778833818,63,buy
1704067201185369952,107.72191295178665,147,buy
1704067201185726699,107.7374577142587,51,buy
1704067201186147635,106.73185491174345,212,buy
1704067201186434810,105.95334718401865,70,buy
1704067201186610329,106.0271442747436,924,buy
1704067201191422471,106.74543746390425,492,buy
1704067201193810845,106.83701882484388,225,sell
1704067201193946001,107.18380151409963,654,sell
1704067201199833682,107.6621171471574,295,sell
1704067201201041964,107.69823811519333,856,sell
1704067201201785758,108.35252568571937,342,sell
1704067201202140933,108.8252440920671,610,sell
1704067201202265243,107.91222875582129,171,sell
1704067201203279169,106.73076073487982,343,buy
1704067201206504205,106.59193374347228,608,sell
1704067201208180029,106.8986807004696,142,sell
1704067201209322700,106.94880892844118,979,buy
1704067201210270255,107.83255586578059,810,sell
1704067201211771199,106.67794447354878,532,sell
1704067201211876198,106.04736398410152,550,buy
1704067201211951270,106.77467647808471,112,buy
1704067201212973932,107.54027750091441,267,buy
1704067201213258930,108.37424150924036,86,sell
1704067201213453178,107.81949878102127,47,buy
1704067201213861385,107.61409582663742,50,sell
1704067201215800875,107.45863621121045,91,sell
1704067201220734349,106.9509299294613,253,sell
1704067201221625438,106.1864119856178,408,buy
1704067201222572658,106.62137694998422,92,sell
1704067201225168564,107.01435914335143,717,buy
1704067201226462830,106.7545246680304,283,sell
1704067201229023700,106.48396387478275,560,sell
1704067201229273813,106.73170587795836,285,buy
1704067201230446813,106.58973525794543,746,sell
1704067201230972035,105.71690327816555,952,buy
1704067201231834580,106.59068980684188,579,buy
1704067201232568077,106.60364986330237,434,buy
1704067201233402472,106.36447376020251,813,sell
1704067201234591192,107.06210090333619,712,buy
1704067201236481069,107.20763277684637,253,buy
1704067201236652154,106.7480050000361,515,buy
1704067201236802354,105.7713851087919,449,buy
1704067201237370136,105.49294351734002,145,sell
1704067201237505508,105.95972791816172,596,buy
1704067201237985664,105.54470242742391,880,buy
1704067201238201816,104.8780654070966,886,sell
1704067201238667293,104.87846803595998,808,buy
1704067201241876201,104.49347922046516,392,buy
1704067201244849224,104.47928093336832,297,buy
1704067201244863126,104.67604402170682,532,buy
1704067201246727594,105.08984232829407,912,sell
1704067201247878205,104.51173999643464,459,buy
1704067201248306853,104.4060854695986,788,buy
1704067201248675624,104.84962456419036,615,sell
1704067201250001971,104.8350368256035,759,sell
1704067201250465128,103.75595318441542,458,buy
1704067201250477356,103.47866073913691,508,sell
1704067201250626847,103.22783190195312,123,buy
1704067201251047192,103.29486387292182,140,buy
1704067201251079383,102.95927050162771,797,buy
1704067201251557781,102.08877305732754,947,buy
1704067201252875874,102.2818742371725,725,buy
1704067201253945918,102.24004156457335,58,buy
1704067201254068462,102.80762840291685,921,sell
1704067201254538285,103.23307028369918,123,sell
1704067201254960458,103.17612354138335,777,sell
1704067201255385030,103.12583611588796,212,sell
1704067201255661692,103.53478407330668,559,buy
1704067201256694849,103.55933511909599,529,sell
1704067201257390133,103.42096037296179,126,buy
1704067201257914592,103.80814002462574,833,buy
1704067201258492379,102.83647917872703,171,buy
1704067201259595538,102.85793932103117,32,sell
1704067201260374538,103.62420411460995,38,sell
1704067201260451433,103.7890322837204,789,buy
1704067201260985257,104.28513232364162,336,buy
1704067201261528669,105.03976486448578,50,sell
1704067201261883294,105.73263013528211,919,buy
1704067201264376605,105.7371750513534,715,sell
1704067201267076974,105.50032513885729,628,buy
1704067201267103864,106.25362801055205,972,buy
1704067201267399960,105.81087605188024,706,buy
1704067201268597126,106.14312813100616,568,sell
1704067201270127720,105.75843981095016,737,buy
1704067201271953033,106.59023840729759,390,buy
1704067201271989987,107.18975690015574,192,buy
1704067201273175001,106.98850920904965,309,sell
1704067201273251331,107.59265541752517,77,sell
1704067201273482063,107.3842229431397,662,buy
1704067201275434861,107.58602902332962,267,buy
1704067201277407598,107.70315363436136,349,buy
1704067201277870330,107.18876405809876,679,buy
1704067201278634948,107.58953402586157,675,sell
1704067201278913216,107.44160836628495,451,buy
1704067201279184501,107.27378188365167,949,buy
1704067201279774859,108.19776129333128,551,buy
1704067201281584179,108.41600617599947,661,sell
1704067201284353083,107.54689823934359,478,sell
1704067201285476361,107.35019761625992,721,sell
1704067201285889372,107.31736302094623,464,buy
1704067201286774535,107.52306500725524,687,sell
1704067201286968768,107.05287784724776,615,sell
1704067201287936074,107.22805321359785,670,sell
1704067201288176156,107.7950376152294,268,sell
1704067201288776723,107.38036700212619,558,sell
1704067201290418133,108.00609941818435,990,sell
1704067201290897379,109.02244804408129,688,buy
1704067201291449063,109.23333280448907,411,sell
1704067201292412337,109.56222754702392,563,sell
1704067201293133429,108.70647169105695,973,sell
1704067201293425018,110.06109346086106,196,sell
1704067201295410526,110.17829155790376,153,sell
1704067201295816797,109.74917648419792,569,sell
1704067201295846987,109.32317386756051,568,buy
1704067201297985077,110.25747150661694,202,sell
1704067201298120209,110.1097834569937,222,sell
1704067201298809172,109.72484170570173,780,buy
1704067201300724386,109.8884771061935,472,buy
1704067201302975015,110.07469581886554,146,buy
1704067201304141536,109.96955476239158,558,buy
1704067201305308049,110.90053877075634,838,sell
1704067201305434083,111.43373725473374,858,sell
1704067201305903606,111.8239384598834,971,sell
1704067201307121890,111.9784457821135,416,sell
1704067201308243382,112.83950822532265,836,buy
1704067201309028267,112.9227159092136,578,sell
1704067201309177444,112.9670067058908,763,sell
1704067201309775654,112.73580398850355,136,buy
1704067201309859455,112.37723878511383,479,buy
1704067201310783039,112.1262584661394,35,sell
1704067201313975241,112.19528769593826,15,buy
1704067201314960718,112.86014568252882,25,sell
1704067201315459277,112.51457645665919,718,sell
1704067201315645727,112.03605642128579,126,sell
1704067201315933414,112.24110587822189,292,sell
1704067201317054147,112.9877919085985,353,buy
1704067201317366863,112.39433502124314,848,sell
1704067201318194127,112.69810431744068,806,sell
1704067201318279536,112.5963427578427,586,sell
1704067201320597303,111.96923469852152,559,sell
1704067201321568035,111.94177114329963,42,buy
1704067201322361155,111.60154768446684,685,buy
1704067201323610202,111.58979606268876,986,buy
1704067201323991089,112.02335266124035,851,sell
1704067201324389706,111.74419694840337,387,sell
1704067201324981704,112.30198039815657,386,buy
1704067201326414319,112.44744449523449,144,sell
1704067201328168381,112.19298453629978,975,buy
1704067201329961409,113.05641849568892,939,buy
1704067201331161378,113.18545189290862,187,sell
1704067201331592298,113.75209406525516,261,sell
1704067201332472959,114.82412827408996,453,buy
1704067201333305001,115.3307673652959,77,sell
1704067201333650401,115.75551961675859,487,buy
1704067201334233325,115.36691404810064,695,sell
1704067201335800522,113.92984491143764,286,buy
1704067201336240187,113.48065033759053,21,buy
1704067201336251240,113.23544092279849,745,sell
1704067201336447109,113.42567372825755,660,sell
1704067201337028518,113.7197187189247,242,buy
1704067201337755556,113.84035167044257,417,buy
1704067201341234123,114.21990766230337,212,buy
1704067201341720323,114.58647915080115,18,buy
1704067201342532519,114.60695843918617,366,buy
1704067201343100903,114.2021088415157,587,buy
1704067201343360814,115.50813106508123,502,sell
1704067201344667807,115.93385548895141,413,buy
1704067201346539100,116.58195068508292,118,sell
1704067201348253684,116.74252609685614,348,buy
1704067201348587144,116.81175224942947,125,buy
1704067201349611322,117.00670496659889,924,sell
1704067201350056792,116.89085254376283,789,sell
1704067201351308497,116.38160445042911,735,buy
1704067201351796990,116.72100227282282,588,sell
1704067201352038803,115.93479652523982,432,buy
1704067201352088424,115.94922762379154,921,buy
1704067201353735344,116.24083582753524,348,buy
1704067201354106796,115.24046275357841,283,buy
1704067201354647505,116.11030177797143,419,sell
1704067201354834223,116.01872514157482,732,sell
1704067201355078688,116.77680330622299,25,sell
1704067201357094191,116.7776398680455,565,buy
1704067201357140967,117.05226168772067,383,sell
1704067201357390357,117.4620015645882,710,buy
1704067201358573172,116.83459934021326,179,buy
1704067201359019585,117.20295730699678,417,sell
1704067201360183199,116.97541643109913,677,buy
1704067201361123155,117.0146727647808,60,buy
1704067201361685091,117.2462568435194,86,sell
1704067201363310853,118.19734420961106,603,sell
1704067201363402039,118.2527056170406,891,buy
1704067201364206630,117.92792989790112,325,sell
1704067201365178049,118.79730140865509,728,buy
1704067201366941144,118.87364950471971,578,buy
1704067201368418014,118.86214012030759,922,buy
1704067201372476167,119.37558896214279,22,buy
1704067201373167558,119.10104168701058,680,sell
1704067201374513146,118.47112575309701,380,buy
1704067201374900720,118.9282846457369,507,buy
1704067201375399436,119.48176848199276,442,buy
1704067201377520661,119.02454753977756,267,buy
1704067201377595585,119.52844880605426,451,buy
1704067201377918975,119.9535079085474,34,sell
1704067201378079058,120.04794242831082,646,sell
1704067201379302434,119.67652163229074,612,sell
1704067201380680278,120.68695585311976,94,sell
1704067201381424838,121.0835321116074,956,buy
1704067201381624073,121.93759430703184,354,buy
1704067201383607998,121.64967424439726,618,sell
1704067201383970108,120.84828449234284,284,sell
1704067201386596593,119.64320756084523,96,buy
1704067201386760305,120.01853376939269,241,sell
1704067201386844422,119.81543850745163,127,buy
1704067201387001405,119.35705533748101,120,sell
1704067201387348336,119.40426692894792,955,buy
1704067201388746829,118.14102360838658,596,sell
1704067201389211885,118.28513518224098,701,sell
1704067201389479669,118.6291788497216,408,sell
1704067201390333987,117.38723620998661,722,buy
1704067201390797317,117.5885015455692,203,sell
1704067201391279428,118.4731019700484,420,sell
1704067201391623277,117.8916499241965,505,sell
1704067201392479480,117.52767491022212,27,sell
1704067201393846098,117.04291507665218,646,sell
1704067201397003316,117.70548305792231,90,buy
1704067201397549375,117.43360460640304,981,buy
1704067201397761135,117.6294969124421,125,sell
1704067201397906424,118.67342451951035,170,buy
1704067201397969286,118.31000298464745,22,sell
1704067201397997718,118.44751922939652,598,buy
1704067201398343293,118.48939302145138,422,buy
1704067201398625907,118.24499000042152,277,buy
1704067201399249980,117.85623271232971,881,buy
1704067201399889109,117.31763842185333,45,buy
1704067201403020959,117.15349243872994,681,sell
1704067201404945262,117.27151006229181,715,buy
1704067201405381208,117.41450215544974,197,buy
1704067201405388162,117.61133241922145,955,buy
1704067201408533555,117.7097619086165,633,sell
1704067201409656204,118.26575698627255,329,sell
1704067201410782461,117.9857798782077,976,sell
1704067201411149233,116.87824875230864,75,buy
1704067201412571608,117.17348563516262,602,buy
1704067201412784809,116.68256077915508,311,buy
1704067201413771098,117.15782662481439,152,sell
1704067201414278912,117.92028489735671,407,buy
1704067201414335397,119.33382957384919,464,sell
1704067201414813699,119.26824418449299,995,sell
1704067201415495577,120.19759209407674,125,sell
1704067201416174050,119.81030019328233,103,buy
1704067201417600973,120.49171714869678,291,buy
1704067201419328914,120.01658207660091,789,buy
1704067201420187651,119.47177763349784,223,sell
1704067201424779244,119.513741694287,281,buy
1704067201428458631,119.54271711706704,739,buy
1704067201431656706,119.50480827299637,338,buy
1704067201432422533,119.31369347506495,31,buy
1704067201433073459,119.37840027881121,215,buy
1704067201433129200,120.18638855666435,536,buy
1704067201433333941,119.60445608798774,516,sell
1704067201434797327,118.43134945997764,705,sell
1704067201438404797,118.22078926825617,933,sell
1704067201438814603,117.79936666297087,441,sell
1704067201439897826,118.16590717988696,426,buy
1704067201441915756,118.52786983919059,860,buy
1704067201442276058,118.19755846159654,51,buy
1704067201442456406,118.36061197737378,723,sell
1704067201442811447,118.79795544355268,697,buy
1704067201445555233,118.91737843469352,173,buy
1704067201446334621,118.54245113949844,689,buy
1704067201446487278,118.23276369518841,707,sell
1704067201446939854,117.50820002705245,811,sell
1704067201447329329,117.55714161282042,975,sell
1704067201448948699,117.54952873596825,378,sell
1704067201449745510,117.342751036517,373,sell
1704067201450358798,117.08317189806692,464,buy
1704067201453476331,116.67589176194387,197,sell
1704067201454738492,116.3922287901128,117,buy
1704067201455971508,116.15176979304891,161,buy
1704067201457040737,116.71374346211286,504,buy
1704067201457043611,116.16985575366951,754,buy
1704067201457473821,115.63183274021512,566,sell
1704067201458288551,116.02469685548691,186,buy
1704067201458303046,116.81814151221889,508,sell
1704067201459579756,117.22798166453,848,buy
1704067201459751818,116.9086997301016,860,buy
1704067201460320856,116.90282886821358,756,sell
1704067201462468902,117.07460337083968,787,sell
1704067201463682026,116.5748593807132,720,buy
1704067201464617603,116.8643216889724,69,sell
1704067201468402006,116.63531908496532,763,buy
1704067201468843048,117.38216948533685,57,buy
1704067201469302826,117.57552228973414,926,sell
1704067201471775246,117.78991706667392,208,buy
1704067201473552448,117.0399422520153,577,sell
1704067201474146509,117.06427318901953,190,buy
1704067201474350615,116.78708021015086,670,buy
1704067201474363802,117.23936987345635,267,sell
1704067201474871938,116.96393129296229,354,sell
1704067201476117171,117.4880052694852,462,buy
1704067201478110588,117.14457688050241,274,buy
1704067201478319942,117.74539848115685,698,sell
1704067201478850527,117.91274709330148,177,buy
1704067201480261216,117.89879332831703,611,sell
1704067201480279216,117.47691821573568,585,buy
1704067201480537136,117.86557673463918,310,buy
1704067201481011133,117.57707704026518,29,buy
1704067201482857896,117.50542813810644,61,buy
1704067201484652208,117.73312848044257,924,sell
1704067201485403142,118.19984227576279,276,buy
1704067201487461344,117.54282285525774,473,sell
1704067201488042999,118.02195693072628,724,buy
1704067201488266056,117.10623131704651,492,sell
1704067201490202936,117.43523990587657,96,sell
1704067201490776024,117.20149004582686,477,sell
1704067201490855121,117.36775303988918,986,buy
1704067201491420304,116.75244062639936,334,buy
1704067201492025194,116.55988659172333,557,sell
1704067201492589641,116.3459922713037,217,buy
1704067201494101295,116.06934359168301,248,buy
1704067201494258379,116.26896747512474,427,buy
1704067201498089764,116.10020988592709,704,sell
1704067201500007396,116.8065038994049,124,sell
1704067201500325665,116.05630125251754,931,sell
1704067201501511187,116.606494873469,418,buy
1704067201504873051,116.81197033734962,820,sell
1704067201506802211,117.17311931070984,274,sell
1704067201507456276,116.79115445858706,780,buy
1704067201508739075,116.92510613067383,300,sell
1704067201509749114,116.76073858059794,586,sell
1704067201511016409,116.3480673972435,170,sell
1704067201512017482,115.72253074130568,496,buy
1704067201512181233,115.72143050740813,361,buy
1704067201513115868,117.5009224005166,360,sell
1704067201513770777,117.99452695992304,960,buy
1704067201514896448,117.89455785159947,841,sell
1704067201516414509,117.7299504479974,709,sell
1704067201517858226,117.58934753624007,745,buy
1704067201523096664,117.01515079027995,123,buy
1704067201524695912,116.48429714288042,130,sell
1704067201524716119,117.05464106258694,864,buy
1704067201524960065,116.93242544132968,282,buy
1704067201525075461,117.77857832834243,709,sell
1704067201525728690,116.15378385807502,608,sell
1704067201526744946,115.86019819914813,756,buy
1704067201526890351,116.07674843237578,310,sell
1704067201527578704,115.99664882043719,773,buy
1704067201527792762,115.85413545191119,140,sell
1704067201528150086,114.98342232174001,651,sell
1704067201528638513,115.05649215458106,568,sell
1704067201529245649,115.58961261444604,323,sell
1704067201529985704,114.91429693197581,249,buy
1704067201531348855,114.45724443431261,889,buy
1704067201532033973,115.20704454741819,719,buy
1704067201532073259,115.2760892415343,870,sell
1704067201532802498,115.4674215544071,73,buy
1704067201532814025,115.79479063068175,300,buy
1704067201534224805,115.27357833080634,467,buy
1704067201536995198,115.17512571772508,648,buy
1704067201537542041,115.08892402155813,314,sell
1704067201539445758,115.13549637046042,772,buy
1704067201541118605,115.72883769681701,524,sell
1704067201542200878,115.5804017262872,222,buy
1704067201543138817,115.4949789610864,83,sell
1704067201543341156,115.21211139588029,546,buy
1704067201545322904,114.89405415295948,37,sell
1704067201547335903,114.93210635519677,483,sell
1704067201548331652,114.99683479571227,784,sell
1704067201548356213,115.18933763302384,152,buy
1704067201550163291,115.45658308660157,162,buy
1704067201551545439,114.88282341267765,28,sell
1704067201553155888,113.63813635277606,662,buy
1704067201554030471,113.94414444510068,704,sell
1704067201554367043,113.38583156360691,720,buy
1704067201555953613,113.89965105014298,950,buy
1704067201556414963,114.48459328995763,176,buy
1704067201556507537,114.09362147093003,296,buy
1704067201558543520,114.8842596504267,292,sell
1704067201558646861,114.44573914233774,796,sell
1704067201559035615,113.92221149671397,478,sell
1704067201559129341,113.44902551438327,83,sell
1704067201562089650,112.92310852277873,694,buy
1704067201565145091,112.15677307842363,93,sell
1704067201566834067,112.02071298773203,607,sell
1704067201568374878,112.52824920428594,762,buy
1704067201568638062,112.57559507108178,909,buy
1704067201568658737,113.45234238971572,481,buy
1704067201569013882,113.78756144062172,121,sell
1704067201569514349,113.08611580285154,46,buy
1704067201569706839,112.87358861683609,86,sell
1704067201569843624,114.22924275054396,372,sell
1704067201569905986,114.58262617838366,252,sell
1704067201572158294,114.28028309187503,253,buy
1704067201573060173,114.240246934781,968,sell
1704067201573200806,113.98071699027483,798,buy
1704067201576472556,114.13726721031077,904,sell
1704067201576645454,114.39754988287014,781,sell
1704067201577329877,115.34653490446803,502,sell
1704067201579445234,114.92550348805274,676,buy
1704067201581230375,114.80336556853304,244,buy
1704067201582141617,114.74020357786078,257,sell
1704067201582462823,114.8892690578138,56,buy
1704067201583292455,115.165911242405,769,sell
1704067201586374572,114.201242991376,548,sell
1704067201586505700,114.60499112339373,538,sell
1704067201586656011,114.57189464789607,54,buy
1704067201588161348,113.66490342363058,444,sell
1704067201589058500,113.9040494861343,506,buy
1704067201589550107,113.45692353523494,168,sell
1704067201591164252,113.28330295191773,779,sell
1704067201593234462,113.5051241599092,219,buy
1704067201593267857,113.77607620905907,825,buy
1704067201595588071,113.35215699280124,677,buy
1704067201596029497,113.84001561477879,601,buy
1704067201596126361,113.75582399063885,688,buy
1704067201596159999,113.71991068679826,367,sell
1704067201596729176,114.86414792217356,736,sell
1704067201596760610,114.85580764964827,572,buy
1704067201599464759,115.21952554801815,95,sell
1704067201601080053,114.94298340871842,745,buy
1704067201602668211,114.7432170443113,997,buy
1704067201603094553,114.56789701533994,623,buy
1704067201603766652,114.79782668526846,34,sell
1704067201606525046,115.19626678637829,211,sell
1704067201607422105,115.19538462008165,247,buy
1704067201607598112,114.93187465121721,876,sell
1704067201607866855,115.1257865080698,974,buy
1704067201608046107,115.2762117249477,365,buy
1704067201608974343,115.08232204232692,300,buy
1704067201610175053,114.81345071405859,53,sell
1704067201610746277,114.91775691186507,817,sell
1704067201611447447,114.54652755878305,523,sell
1704067201612003630,114.8759747166253,885,sell
1704067201613426829,115.13863445432295,717,buy
1704067201613617339,115.65651519911972,862,buy
1704067201614285772,116.30470069213467,519,sell
1704067201615181416,115.91109711750887,12,buy
1704067201617067461,115.77603732658831,118,buy
1704067201617584692,115.56603896498959,670,sell
1704067201617671671,116.20774963828433,534,sell
1704067201618863428,115.93383650565016,364,buy
1704067201618958545,116.31124197143862,438,sell
1704067201619464438,115.48094564619596,898,buy
1704067201620935987,114.89623409169161,91,sell
1704067201621843785,115.79504270877129,955,sell
1704067201622464337,115.73501163423526,202,sell
1704067201622587587,115.09614501540777,739,buy
1704067201624788277,114.45520066723336,915,buy
1704067201624993024,114.51692846183302,193,sell
1704067201626933562,114.90979878871008,34,sell
1704067201629686178,114.26571909189474,570,sell
1704067201631160397,114.53604944478269,904,sell
1704067201631469884,114.13181215252516,942,sell
1704067201633351777,114.05319194583069,210,sell
1704067201637593740,114.06931087835373,438,sell
1704067201638538010,113.83769995459849,136,buy
1704067201640111079,114.33735526885059,717,sell
1704067201640375864,113.1909238401777,318,buy
1704067201640632202,114.26114687390408,634,buy
1704067201640716582,114.53766505607513,288,buy
1704067201641335538,113.80997312845236,128,buy
1704067201641638996,113.51355267888495,527,buy
1704067201642220836,113.22257940879076,569,buy
1704067201643201538,113.39093577751449,279,sell
1704067201644443566,112.67890748829316,91,sell
1704067201644819420,113.65148173158691,911,buy
1704067201646909210,113.00576366155067,62,sell
1704067201647147241,113.06229304069585,267,buy
1704067201647529642,113.608417288034,65,buy
1704067201649487112,113.09593073339482,80,sell
1704067201650171146,112.54757815699995,474,buy
1704067201650810361,112.7281260655557,991,buy
1704067201651018132,113.35854978438309,653,buy
1704067201652563608,113.46137290069859,916,sell
1704067201653202313,113.10594555734816,145,buy
1704067201655588574,112.4218830388903,231,buy
1704067201655591449,112.9342972897046,414,sell
1704067201656960788,112.69748450791992,493,buy
1704067201657735095,112.49237808710379,126,buy
1704067201658051936,112.99909114433873,818,buy
1704067201658236567,111.95655326592866,357,buy
1704067201659298905,111.75909383261971,707,buy
1704067201659581507,111.88088556810095,994,sell
1704067201660888185,111.61109105326572,300,sell
1704067201661997238,111.2909373873599,633,buy
1704067201662894255,111.56462155128662,843,sell
1704067201664830679,111.84168357348032,520,buy
1704067201667396621,111.37603023546008,831,buy
1704067201670521846,111.42381151427445,311,buy
1704067201671901918,112.04928818448923,428,buy
1704067201673008855,112.38030914748113,287,sell
1704067201673108514,112.70616286173816,797,sell
1704067201673634492,113.14569264946388,856,buy
1704067201673635168,112.13559720976295,976,sell
1704067201674048277,112.35985176931486,287,buy
1704067201674437015,112.38548276605579,381,buy
1704067201674881613,112.86472422657138,44,buy
1704067201676077401,112.8281013463087,776,buy
1704067201676392748,112.57184752703161,512,sell
1704067201677056910,112.2138983057126,717,buy
1704067201677623015,112.79352664438096,676,sell
1704067201678111341,112.88324327728046,473,buy
1704067201679123414,113.40005440555464,231,sell
1704067201679507765,113.14061627080147,445,sell
1704067201680973943,113.08461094969618,417,buy
1704067201681836721,112.08016086337611,922,sell
1704067201682002050,112.37687022560571,396,buy
1704067201682353848,112.65022141490364,764,sell
1704067201682867843,113.04402430304775,49,buy
1704067201684448209,112.89462094385176,483,sell
1704067201685465029,112.81356770320808,935,buy
1704067201687430677,113.04736175614632,681,sell
1704067201687439478,113.55497065275698,275,buy
1704067201688458851,113.65378435117509,860,buy
1704067201688669523,113.66254248346868,904,buy
1704067201690997245,113.70774131807383,610,sell
1704067201691096739,113.51904442089705,207,buy
1704067201693370776,113.84440438986326,78,sell
1704067201693626041,113.41219922804439,758,buy
1704067201694015330,113.55684716008628,396,sell
1704067201696169173,113.7382148820236,815,sell
1704067201696828790,114.0487437639022,796,sell
1704067201697008590,114.59267948356519,225,buy
1704067201699346607,114.52913367198946,725,buy
1704067201699613441,114.21378980681098,308,buy
1704067201699630433,114.37493155858277,926,sell
1704067201699857295,114.31641259443973,766,sell
1704067201700508687,114.1946633521941,189,buy
1704067201702937396,114.32632985021057,679,sell
1704067201703032995,114.88099514980831,324,buy
1704067201707579600,115.44949768020768,215,buy
1704067201708660382,115.87257481618634,681,sell
1704067201713218202,116.95454250274035,991,sell
1704067201715699735,117.83372213451332,917,buy
1704067201716830321,117.79665622214068,690,sell
1704067201716896448,118.12088653647287,575,sell
1704067201720389753,119.03841116548435,863,sell
1704067201720610831,119.18613015926715,164,buy
1704067201720880592,118.40919772206263,555,buy
1704067201721059804,118.69598908961217,118,buy
1704067201721686392,119.08547591225715,313,buy
1704067201724063083,118.83975544705183,419,sell
1704067201725680375,118.97533456610324,537,buy
1704067201726177006,117.95825631153606,131,buy
1704067201726440137,118.96137581612729,84,sell
1704067201727696047,118.91326292439976,427,buy
1704067201728046778,118.74796826631749,233,buy
1704067201729815762,118.60869949306982,800,sell
1704067201730612181,118.57863697924793,453,sell
1704067201731851958,118.98883735030425,670,buy
1704067201732087695,119.17656124058783,28,sell
1704067201732290772,118.59637163096212,640,buy
1704067201732841648,118.65402582829317,698,sell
1704067201733620309,118.8437485390475,230,sell
1704067201733762135,118.57825842668109,284,sell
1704067201734214380,118.88349479924946,112,buy
1704067201734269631,119.3379424820134,347,sell
1704067201734351305,120.2308571344179,183,buy
1704067201736640083,120.10023720864872,643,sell
1704067201736640662,119.93645089327991,170,sell
1704067201737898930,119.40878690919372,223,buy
1704067201739398752,119.22908504357426,568,sell
1704067201739462747,119.87625462860879,318,sell
1704067201739988438,119.6190804107396,928,sell
1704067201741124644,119.29960391970747,688,buy
1704067201742086688,120.01642872788496,280,sell
1704067201742767156,120.03729699994159,116,sell
1704067201742987292,120.57231634382435,91,buy
1704067201743513587,120.0531524089111,231,sell
1704067201743579590,119.55999957054803,329,buy
1704067201746273762,119.96640517602607,729,sell
1704067201746960328,120.1752876609982,726,sell
1704067201747150741,120.1268171117326,159,buy
1704067201747184674,120.78278735830287,698,buy
1704067201748732133,120.69960914784912,576,sell
1704067201749145363,120.30925572122004,51,buy
1704067201749423986,119.87253052432159,351,buy
1704067201749891327,120.66002867676433,280,sell
1704067201750404651,119.94326669031503,308,sell
1704067201751157353,120.34232584394896,150,sell
1704067201751298987,120.62361820286793,685,buy
1704067201751582715,121.16277265534089,776,sell
1704067201752297134,121.72734842595882,64,sell
1704067201752582895,121.59082786293182,209,sell
1704067201753246281,121.70550954294927,881,buy
1704067201754010092,121.77757048739203,731,sell
1704067201754557406,121.68032998360732,313,buy
1704067201754795567,121.64337874647006,912,buy
1704067201755688400,121.41283228327225,726,sell
1704067201757285556,121.32836818734837,564,buy
1704067201757382474,120.37636105689495,826,sell
1704067201757382773,121.01263936627,564,sell
1704067201759040973,120.79999883627994,57,sell
1704067201759179805,119.86676937543407,78,buy
1704067201760021259,119.98321082024317,687,sell
1704067201761201162,119.6069836506333,626,buy
1704067201761945751,119.43374174126092,114,buy
1704067201762610694,119.23711521089336,908,buy
1704067201763030905,119.63806602337961,225,buy
1704067201764746274,119.58943640001436,555,sell
1704067201764750760,119.79064837404383,652,buy
1704067201768560260,119.9148303449666,553,buy
1704067201770646216,119.85344047651641,37,buy
1704067201770796937,119.21953713233671,333,buy
1704067201771263222,120.00653243148469,789,sell
1704067201773711099,119.31642352811537,248,sell
1704067201774616940,118.36824313189649,332,buy
1704067201774830038,118.34981728157416,266,buy
1704067201775539869,118.32122172671961,807,sell
1704067201777048000,118.30025512601436,988,buy
1704067201778011135,118.74552012426058,696,buy
1704067201778769118,118.29331824674412,115,sell
1704067201779249206,118.04968574209659,293,buy
1704067201782890835,117.79811058980545,213,buy
1704067201783882401,117.53773601066938,234,sell
1704067201784327435,117.49299714298168,146,buy
1704067201784665679,117.4875659364686,122,sell
1704067201785110740,117.31105057417574,100,buy
1704067201787117294,116.59757092678691,352,sell
1704067201788344136,117.15258161703926,614,sell
1704067201788400532,117.59937193392177,41,buy
1704067201788447371,117.35511621804977,532,buy
1704067201789055285,116.48369952956556,43,sell
1704067201789442930,116.7003292317977,482,buy
1704067201789645821,117.72287880229821,757,buy
1704067201791867129,117.81441136446492,88,sell
1704067201793136078,118.27262546963604,713,buy
1704067201794031014,117.6047030630704,256,sell
1704067201794063995,118.10107197180052,874,buy
1704067201794094734,117.31516495346281,911,sell
1704067201794853564,117.1351074807477,734,buy
1704067201795307056,116.8180386706211,652,sell
1704067201795329554,117.66661866939637,99,sell
1704067201795659454,117.28776087197596,268,buy
1704067201796937592,117.35074967866018,242,sell
1704067201797110326,117.19751790489869,727,buy
1704067201797486713,116.94185671043815,81,buy
1704067201798858355,117.2901689489418,173,sell
1704067201800110636,117.45517553220644,416,buy
1704067201800183706,117.85910822340306,257,sell
1704067201800311634,117.44594593976439,11,buy
1704067201801662105,116.77560868537407,493,buy
1704067201801722857,117.34903435455794,864,sell
1704067201803640648,118.17825042989492,50,buy
1704067201805036410,117.98920124985237,10,buy
1704067201805434324,118.0846950459057,264,buy
1704067201807357144,117.87380171695861,659,sell
1704067201807571759,117.5235613984558,207,sell
1704067201807893507,116.9678759847931,637,sell
1704067201809457799,117.39100583147437,969,buy
1704067201809661263,118.15291657996755,705,sell
1704067201811735171,117.75180499931693,626,buy
1704067201812439292,117.70450771768176,847,buy
1704067201815247792,117.42147142838016,413,buy
1704067201815588709,118.11727693208101,59,buy
1704067201815829339,118.19987273943107,387,sell
1704067201816420734,117.58936599531438,643,buy
1704067201817373635,117.58555997657554,442,buy
1704067201819203905,117.42270523012765,903,buy
1704067201819266974,116.86938949413107,171,buy
1704067201819441898,117.38779149119691,409,buy
1704067201819880334,117.16179097530173,585,buy
1704067201821592671,117.76302081953432,352,sell
1704067201824472937,117.3152848130777,825,sell
1704067201824982984,117.44774025594808,882,sell
1704067201825322617,117.4397413994705,884,sell
1704067201825399498,116.8461935516101,283,buy
1704067201827403178,116.71718948724141,186,sell
1704067201827627215,116.52263026403395,434,buy
1704067201831586014,116.77084217537677,398,sell
1704067201835547173,117.1404933655923,455,buy
1704067201838076533,116.58257637785775,483,sell
1704067201838287237,116.27862348753368,540,buy
1704067201839313289,114.76241049685527,166,buy
1704067201839593920,115.4055113090417,693,buy
1704067201840538652,115.34345599029442,130,sell
1704067201840842201,115.81227680359072,17,buy
1704067201842844422,116.23188050487323,264,buy
1704067201843003010,115.90617648554043,921,buy
1704067201844413399,116.33640233028939,141,buy
1704067201844646361,115.98838223896266,737,sell
1704067201845309507,115.89809263345697,445,buy
1704067201846390907,115.76409266673092,764,buy
1704067201847717506,115.5587682110972,946,buy
1704067201849267324,115.91106452572288,627,buy
1704067201849347424,114.59844237123804,823,sell
1704067201851741516,114.7031142421301,980,sell
1704067201851815732,114.4893183911857,691,buy
1704067201852415673,113.92357241015044,60,buy
1704067201855094339,113.11133506986636,269,sell
1704067201856626725,113.18552992209368,123,buy
1704067201857465414,112.69230552091773,508,buy
1704067201857565336,112.46059039811985,744,sell
1704067201857916202,113.09791699949953,794,buy
1704067201858642003,112.08011655645423,35,sell
1704067201859119678,111.68855502418822,179,buy
1704067201859394057,112.49542134878975,389,sell
1704067201860696842,112.54466702147113,407,sell
1704067201861292821,113.56592926538232,248,sell
1704067201862556050,113.44996836455361,966,buy
1704067201863511725,114.1787906283805,382,buy
1704067201863950775,113.7819321466315,662,buy
1704067201863957718,113.36965206919268,538,sell
1704067201864321144,113.1852590508398,338,buy
1704067201864717370,113.28159557676375,450,sell
1704067201865217821,113.32442716291251,363,sell
1704067201866434035,113.29584832365563,133,buy
1704067201867490511,113.40504676018055,990,buy
1704067201868157784,113.56342801652109,93,buy
1704067201869550113,113.96293952855345,795,sell
1704067201870880693,112.87563328409472,963,sell
1704067201871427893,112.73613305476138,448,sell
1704067201873368061,113.36762631187368,256,sell
1704067201874450365,114.55971399147049,755,buy
1704067201875576050,115.5998998555454,435,sell
1704067201876283263,114.9898566223132,548,buy
1704067201877483677,114.88574229795731,591,buy
1704067201879759332,114.86711843915992,910,sell
1704067201880929568,113.94716329975427,423,sell
1704067201881009793,113.4416638276403,59,sell
1704067201881134498,112.8594576787107,658,buy
1704067201881376091,113.42196434940124,775,sell
1704067201881703887,113.44351653306221,871,sell
1704067201881777102,113.35072822267247,483,sell
1704067201882346487,113.65707540952008,725,sell
1704067201882945177,113.35883048868243,802,sell
1704067201884519022,112.38947746972147,57,buy
1704067201885558764,111.40595308749504,998,sell
1704067201886054737,110.89498801541731,631,sell
1704067201889204809,110.54044467891104,662,buy
1704067201889272814,110.27659701515809,275,buy
1704067201892833866,110.68511843236041,828,sell
1704067201895795424,110.60640693158598,335,buy
1704067201896868011,110.01922168195402,272,sell
1704067201898773091,109.08881942267865,472,buy
1704067201900689176,108.96314159490709,229,buy
1704067201901116096,108.81958574592439,74,sell
1704067201902276820,109.04721230208366,438,sell
1704067201902574954,109.17650397759931,623,sell
1704067201903415157,109.17030696917844,850,buy
1704067201904419878,109.1989626360413,55,sell
1704067201905673380,108.49606792551673,955,sell
1704067201907271829,108.18657419066497,502,sell
1704067201907647348,108.5123271039207,716,sell
1704067201908674023,109.40860700195849,365,sell
1704067201908729161,108.79889260864523,410,sell
1704067201910022797,108.19377704630931,148,sell
1704067201911946345,108.00077995752453,715,buy
1704067201912438757,108.65165564481174,358,sell
1704067201913472880,109.30795085456415,151,sell
1704067201914964534,109.19153017708211,560,buy
1704067201915473915,109.50645380643056,600,buy
1704067201915963823,109.56603128525113,146,sell
1704067201916422325,109.29020459627648,289,buy
1704067201917584807,109.51178521200283,334,sell
1704067201920395210,108.74252677576041,682,buy
1704067201923033627,109.21712893375084,480,sell
1704067201924824908,109.67767116619018,818,buy
1704067201925602035,109.47574581967609,284,sell
1704067201926386264,110.1098810893256,443,sell
1704067201926687683,109.66582471665903,595,sell
1704067201927227416,109.494792834734,681,sell
1704067201928807309,109.1804018780492,695,buy
1704067201929839206,109.53899789692505,888,sell
1704067201929898303,110.14626288253302,365,buy
1704067201930572884,110.48658188719475,879,sell
1704067201932061230,111.4457073543307,719,sell
1704067201932990533,110.97824261534441,643,sell
1704067201934808832,110.80491052140015,500,sell
1704067201935938565,110.4715575896033,91,sell
1704067201937451515,110.23358594940314,594,buy
1704067201938390708,110.33644133195938,86,buy
1704067201939221911,110.92597886581228,566,buy
1704067201942096986,112.1213627821031,572,sell
1704067201943091651,111.63325177299674,738,sell
1704067201944253965,112.04506196423873,192,buy
1704067201944457787,112.81554168364154,264,sell
1704067201944909135,113.52807740020755,401,sell
1704067201945444573,113.89676785294827,68,sell
1704067201947728124,113.08253543703015,183,sell
1704067201947897678,112.77892498297675,706,buy
1704067201949567700,113.05329021498427,397,buy
1704067201949716500,112.98102938708034,182,sell
1704067201949789750,111.83194135215282,520,buy
1704067201950187170,111.07235890058904,222,buy
1704067201952744237,111.95098870949447,696,sell
1704067201953447737,112.36338204647005,257,sell
1704067201954188418,112.64791457350717,829,buy
1704067201954402966,113.145392182272,499,sell
1704067201954900566,112.67768056084734,763,buy
1704067201955724692,113.09922169808223,947,buy
1704067201956441713,112.58248894522278,898,buy
1704067201956901423,112.36407307500727,479,buy
1704067201957230082,112.71653186761954,952,buy
1704067201958807347,112.90522970324965,347,sell
1704067201959618257,112.9835295629108,188,sell
1704067201960146925,112.64723955307579,860,sell
1704067201966302660,113.3533484285773,819,buy
1704067201968014414,113.49223653303883,695,sell
1704067201969041315,113.46557453152882,890,sell
1704067201969179976,113.48754149685006,678,sell
1704067201970749523,113.56716225528629,956,buy
1704067201970805017,113.02256360850457,870,sell
1704067201972322226,112.9352640314524,355,sell
1704067201973263140,113.52736516760685,748,buy
1704067201974891999,113.83907349739425,359,sell
1704067201977084040,113.30106621939754,765,sell
1704067201977431031,112.90698930638953,487,sell
1704067201977970927,112.47761182956097,742,buy
1704067201979636005,113.3860278005868,879,sell
1704067201980515461,112.73501905012695,729,sell
1704067201982028286,113.2855260953387,13,buy
1704067201982463463,112.40864780611128,154,buy
1704067201985067091,112.52511297363185,989,buy
1704067201987096297,112.22157758906597,875,sell
1704067201988222543,111.94575282438346,563,buy
1704067201988377806,112.4918113665513,467,sell
1704067201988761001,112.80692559910322,272,sell
1704067201991391794,113.7191999090277,360,sell
1704067201993663113,112.92248132627749,833,buy
1704067201994791279,112.87765305852672,162,buy
1704067201994885613,112.27641014910382,56,buy
1704067201996046481,111.87101662760048,98,sell
1704067201996671459,111.53825252910752,958,buy
1704067201996881455,111.0403820884564,717,sell
1704067201996973141,110.1879940652355,428,sell
1704067201997947174,110.83312158492261,293,buy
1704067201998165616,110.46453571800622,386,buy
1704067201998966270,110.96825314632397,391,sell
1704067202000278228,111.20577844349842,305,sell
1704067202000502180,111.63323746476956,929,sell
1704067202000669087,111.50395286275364,24,sell
1704067202001585574,111.8146864231191,554,sell
1704067202001819301,111.00839121228951,768,sell
1704067202001897953,109.5615047945995,402,buy
1704067202003816824,110.06570449431335,940,buy
1704067202004190407,109.86215681840582,335,buy
1704067202004402522,110.16606668383025,543,sell
1704067202004625655,110.18292483343849,513,buy
1704067202006263134,110.31401627294684,981,sell
1704067202006386481,110.96117389233322,663,sell
1704067202006668016,111.51587614314681,621,sell
1704067202006884528,110.502164857216,492,buy
1704067202007603937,110.88158356319448,454,buy
1704067202008094531,110.01745552808634,165,buy
1704067202008100113,109.82827643314371,976,sell
1704067202008126672,109.14576772928736,930,buy
1704067202008407271,108.54564154844205,375,sell
1704067202009033582,108.83749251901929,417,buy
1704067202009216846,108.65262168047583,414,buy
1704067202009464509,109.2366942568274,615,sell
1704067202009646009,109.46838223193522,552,buy
1704067202010995664,109.37952752864572,641,sell
1704067202011888664,109.7030326223933,575,sell
1704067202011970116,109.9480373766715,787,sell
1704067202013047054,109.99757273768887,74,buy
1704067202013372525,109.99719866890256,959,buy
1704067202014079709,110.42283579379561,414,buy
1704067202014681818,110.67784466231804,972,sell
1704067202014825025,111.35297899457692,662,sell
1704067202014858034,111.99599204631052,231,sell
1704067202014967946,111.69823886874856,532,buy
1704067202018633875,111.57188477729967,237,buy
1704067202019956978,111.61674585639724,128,buy
1704067202020128586,112.0917266419505,406,buy
1704067202020994009,112.16405585762436,410,sell
1704067202021251262,111.16760255574931,502,buy
1704067202021602669,111.06405988354881,608,sell
1704067202023261056,111.08536167321112,530,sell
1704067202024007995,111.25611546510495,195,buy
1704067202024752617,110.68800632223841,466,buy
1704067202025663885,110.47360004666113,357,buy
1704067202025903023,111.140194875802,17,buy
1704067202025922027,110.6774265393054,57,sell
1704067202028806444,109.99365717372132,66,buy
1704067202032601687,109.90694757844764,680,sell
1704067202033115841,109.4615890399323,418,buy
1704067202033622362,109.95797249656785,835,buy
1704067202034533022,110.04313323355781,989,sell
1704067202034965242,110.3616005389255,981,sell
1704067202035063106,109.67404529595365,627,buy
1704067202035352110,109.54925407719146,399,sell
1704067202035672514,108.9858571278719,919,buy
1704067202035899913,109.05588355539692,516,sell
1704067202037687075,108.93271444093533,719,sell
1704067202038038068,108.76334524197217,353,sell
1704067202038226259,109.40697150932897,34,sell
1704067202038931961,109.03796949399762,884,sell
1704067202040446083,109.25035666027136,937,sell
1704067202041245616,109.94974690110533,111,sell
1704067202041313584,110.53519119594867,578,buy
1704067202042318891,110.26889507019685,838,buy
1704067202044655468,110.68800669748796,669,sell
1704067202045243182,110.62536570950192,175,buy
1704067202046353108,110.70187159336606,862,buy
1704067202048162681,111.0403658784176,17,sell
1704067202048524131,111.33814457002788,440,buy
1704067202048957214,111.17716962143618,182,buy
1704067202050815611,111.58449355398159,243,buy
1704067202050966281,111.42908643477693,611,sell
1704067202054335229,110.72162399771554,365,buy
1704067202054722615,110.94558580465991,452,buy
1704067202054970153,110.27613586966137,643,buy
1704067202055517154,110.28580218737751,93,sell
1704067202055562417,110.33320544394957,397,buy
1704067202056688603,111.58766976378422,781,buy
1704067202056792766,112.68365594004942,486,sell
1704067202060427766,113.05137750827834,699,buy
1704067202060785053,114.01349857768156,706,buy
1704067202061703556,113.33830155893578,777,sell
1704067202063399815,114.00788605895976,458,buy
1704067202064523167,113.6835608621343,674,sell
1704067202064893660,112.94179747079718,215,buy
1704067202066944436,112.73772197987616,735,buy
1704067202067376876,112.88574135598911,541,sell
1704067202067682080,113.07038775703391,241,sell
1704067202067839145,113.31629072704801,620,buy
1704067202070169240,113.25546966611859,575,sell
1704067202070544475,112.5210292612727,464,sell
1704067202071122809,112.58404137696049,19,buy
1704067202072821174,112.39208161980235,689,buy
1704067202074055151,111.89918098858715,343,sell
1704067202074063129,111.81577967367892,489,sell
1704067202075057879,112.52644056338818,146,sell
1704067202075788355,112.38522693788546,273,sell
1704067202077097538,112.92809287325039,224,sell
1704067202077598572,112.79936924680534,211,sell
1704067202077996382,112.47048959684908,542,buy
1704067202078291847,112.0668625423827,659,sell
1704067202079364462,112.50661087536585,719,buy
1704067202079998504,111.94214180827677,759,buy
1704067202080981142,112.2390037386657,889,buy
1704067202083966456,112.06452463373589,565,sell
1704067202084280763,111.82349319736136,194,buy
1704067202085266463,112.04306850049232,202,buy
1704067202085443691,111.29047590637934,367,buy
1704067202086537976,111.58784823681304,508,buy
1704067202088474293,110.66837705188367,364,sell
1704067202089230843,110.270327693563,171,sell
1704067202090036090,109.6451861272658,462,buy
1704067202090542418,110.17674938709335,492,sell
1704067202091416382,110.49614934348155,788,buy
1704067202092323292,110.25668461887523,165,sell
1704067202093581643,110.33769560129936,692,sell
1704067202094361410,110.48146038608564,710,buy
1704067202095595110,109.96297788456762,882,sell
1704067202096579798,109.03589465101486,838,sell
1704067202098667829,108.44712538363106,191,sell
1704067202098678691,108.96035247688526,918,sell
1704067202098701393,108.92446432433603,802,buy
1704067202098803088,109.44458983688011,956,buy
1704067202098832546,109.69991159949156,214,buy
1704067202099083913,109.91349043488515,324,sell
1704067202099098736,109.87761522427068,689,sell
1704067202100363815,110.07810727504646,943,sell
1704067202102107482,110.70533468576514,500,buy
1704067202102107584,110.56406668649942,476,buy
1704067202102563042,111.10273423223865,167,buy
