timestamp,price,quantity,side
1704067200000000000,100.0849999976,108,buy
1704067200010000000,100.262653314265,200,buy
1704067200020000000,99.67906754202664,92,buy
1704067200030000000,100.50349646958635,146,buy
1704067200040000000,100.17007415023541,22,buy
1704067200050000000,100.2675910353216,87,buy
1704067200060000000,100.65768714958938,121,buy
1704067200070000000,100.11097799605784,76,sell
1704067200080000000,99.7791620053417,375,sell
1704067200090000000,99.52946515382068,61,sell
1704067200100000000,99.28091970192423,218,sell
1704067200110000000,99.05193828249713,90,sell
1704067200120000000,98.86695551178565,183,sell
1704067200130000000,99.39670274779121,307,sell
1704067200140000000,100.8392417097201,197,sell
1704067200150000000,101.12670503673282,37,sell
1704067200160000000,100.5134289284768,166,sell
1704067200170000000,100.22309085130932,200,sell
1704067200180000000,99.63367702424662,103,sell
1704067200190000000,99.33237312212195,86,sell
1704067200200000000,99.71500641816502,257,buy
1704067200210000000,99.32558557634769,47,buy
1704067200220000000,98.64437258156813,60,buy
1704067200230000000,98.22219375985212,135,buy
1704067200240000000,98.82371507741773,200,buy
1704067200250000000,99.09197825107654,74,sell
1704067200260000000,99.9294155180085,396,sell
1704067200270000000,98.63060754973553,10,sell
1704067200280000000,98.0527313062918,58,sell
1704067200290000000,98.13704067618971,61,sell
1704067200300000000,97.95488864854156,98,buy
1704067200310000000,97.75466619551179,110,buy
1704067200320000000,98.23733411753348,500,buy
1704067200330000000,98.14213039098352,18,buy
1704067200340000000,99.01937301582846,151,buy
1704067200350000000,98.7649091790815,246,buy
1704067200360000000,99.52904796546568,199,buy
1704067200370000000,99.57810636542533,44,buy
1704067200380000000,99.39933957605213,118,sell
1704067200390000000,99.37358326782153,109,sell
1704067200400000000,98.99378932850348,79,buy
1704067200410000000,98.13328692463205,270,buy
1704067200420000000,98.37581541060894,628,buy
1704067200430000000,98.4348273793501,60,buy
1704067200440000000,98.7674166672249,113,buy
1704067200450000000,99.45899893606786,28,buy
1704067200460000000,99.12306243349252,88,buy
1704067200470000000,99.50473030772079,54,buy
1704067200480000000,99.30758764636698,415,buy
1704067200490000000,99.42435911425198,417,buy
1704067200500000000,99.45510687552643,48,sell
1704067200510000000,98.97959221371713,79,sell
1704067200520000000,99.42183854368666,50,buy
1704067200530000000,99.09120528277617,126,buy
1704067200540000000,99.00195727338881,200,buy
1704067200550000000,99.19559483675435,54,sell
1704067200560000000,99.10843512490162,60,sell
1704067200570000000,99.3292944563617,409,sell
1704067200580000000,100.06918730090696,84,buy
1704067200590000000,100.19232129231393,38,buy
1704067200600000000,100.28671661742602,151,buy
1704067200610000000,100.40002180869453,45,buy
1704067200620000000,100.42524735409535,67,sell
1704067200630000000,99.7814264998738,91,sell
1704067200640000000,99.43091311320613,62,sell
1704067200650000000,99.97082931933592,283,sell
1704067200660000000,99.56470798519942,234,buy
1704067200670000000,99.16660991763871,148,buy
1704067200680000000,99.65481807102711,66,sell
1704067200690000000,99.69552057405606,57,sell
1704067200700000000,99.02722923975206,175,sell
1704067200710000000,98.58239879921074,102,sell
1704067200720000000,98.66822117783663,308,sell
1704067200730000000,98.37531587440402,115,sell
1704067200740000000,98.07558091098687,117,sell
1704067200750000000,98.35246465828955,88,sell
1704067200760000000,98.65431271226146,110,buy
1704067200770000000,98.8229967540217,104,buy
1704067200780000000,99.38024109712875,124,buy
1704067200790000000,98.7457077667435,58,buy
1704067200800000000,99.02348149436222,33,buy
1704067200810000000,99.38278077766066,42,buy
1704067200820000000,100.1126670535187,296,buy
1704067200830000000,99.94684693149324,87,buy
1704067200840000000,100.0316016949485,64,buy
1704067200850000000,101.1884328917286,203,buy
1704067200860000000,100.84366880353063,66,sell
1704067200870000000,100.51184542433629,86,sell
1704067200880000000,101.24710423741712,46,sell
1704067200890000000,100.77743619593515,171,buy
1704067200900000000,101.86372338669628,45,sell
1704067200910000000,100.67363923916353,20,sell
1704067200920000000,100.40347941109417,365,buy
1704067200930000000,100.61196030796815,66,buy
1704067200940000000,100.38790415347114,50,buy
1704067200950000000,101.21533346124963,99,sell
1704067200960000000,101.30016117422542,19,buy
1704067200970000000,100.40731095793866,232,buy
1704067200980000000,100.25922981003997,32,buy
1704067200990000000,98.60858440560052,54,buy
1704067201000000000,97.75124401415289,73,buy
1704067201010000000,97.76335479391888,60,buy
1704067201020000000,98.01148320401285,76,buy
1704067201030000000,97.69944781129509,215,sell
1704067201040000000,97.82938152640331,342,sell
1704067201050000000,98.09450344255012,460,sell
1704067201060000000,97.9756526504342,67,sell
1704067201070000000,98.11040605506497,67,sell
1704067201080000000,98.05064364242828,49,sell
1704067201090000000,97.94769045498182,42,sell
1704067201100000000,98.62731656829294,47,sell
1704067201110000000,99.16755360506443,11,sell
1704067201120000000,99.55943613458584,307,buy
1704067201130000000,99.56183482652146,17,sell
1704067201140000000,99.26947518634813,381,sell
1704067201150000000,99.23526749296305,84,sell
1704067201160000000,99.12724224386432,38,buy
1704067201170000000,99.84474280560109,15,sell
1704067201180000000,99.74829822414866,163,sell
1704067201190000000,99.9256789111676,18,sell
1704067201200000000,100.92067694574266,53,buy
1704067201210000000,100.32181467572359,239,buy
1704067201220000000,100.64646427688437,79,sell
1704067201230000000,100.577523171945,57,sell
1704067201240000000,99.4781543785962,91,sell
1704067201250000000,99.11291630974361,278,sell
1704067201260000000,99.50346700180587,60,sell
1704067201270000000,99.67229689851278,111,sell
1704067201280000000,99.98391434570138,211,sell
1704067201290000000,99.26757450906713,50,sell
1704067201300000000,99.02972152841383,54,buy
1704067201310000000,99.2865377561236,139,buy
1704067201320000000,99.20595737864026,114,buy
1704067201330000000,99.450286605136,374,buy
1704067201340000000,99.75037048487927,52,buy
1704067201350000000,100.12810863508395,62,buy
1704067201360000000,100.11424036992001,73,sell
1704067201370000000,100.15656642158149,29,sell
1704067201380000000,101.27667964692776,72,sell
1704067201390000000,102.2498547717778,245,buy
1704067201400000000,101.96836281169229,39,buy
1704067201410000000,101.35464574417435,148,buy
1704067201420000000,101.74284131132805,87,buy
1704067201430000000,101.72840974021031,51,buy
1704067201440000000,101.81685810383424,65,sell
1704067201450000000,101.00356230873453,63,buy
1704067201460000000,100.86550994926708,84,buy
1704067201470000000,99.93061639606181,91,buy
1704067201480000000,100.07082137219021,121,buy
1704067201490000000,99.23672628491862,404,sell
1704067201500000000,99.45132056660681,18,sell
1704067201510000000,100.28698031950846,38,buy
1704067201520000000,100.00741297735482,220,sell
1704067201530000000,99.31967716473318,245,sell
1704067201540000000,98.617578909127,106,sell
1704067201550000000,98.88395350042946,48,sell
1704067201560000000,99.58117021308128,12,sell
1704067201570000000,100.13471282667932,131,sell
1704067201580000000,100.43788995073396,300,sell
1704067201590000000,100.20913929743334,395,buy
1704067201600000000,100.68698922693916,59,sell
1704067201610000000,101.06019933524992,127,sell
1704067201620000000,101.7029503017616,102,sell
1704067201630000000,102.02325794011146,23,sell
1704067201640000000,100.99281035983829,124,buy
1704067201650000000,100.89293178218333,13,buy
1704067201660000000,100.12958685207725,76,sell
1704067201670000000,99.56294405049165,225,sell
1704067201680000000,99.57522260873586,299,sell
1704067201690000000,99.41624046217214,87,buy
1704067201700000000,99.18300515284955,668,sell
1704067201710000000,98.5488731529456,64,sell
1704067201720000000,99.69861659119637,26,buy
1704067201730000000,99.99059744824935,239,buy
1704067201740000000,99.94262817714315,117,buy
1704067201750000000,99.57713247880385,30,buy
1704067201760000000,99.48216676745116,92,buy
1704067201770000000,99.22535107225535,70,buy
1704067201780000000,99.59405342681819,430,buy
1704067201790000000,99.1504471895902,213,buy
1704067201800000000,98.42557560023523,48,buy
1704067201810000000,98.49928572748043,102,buy
1704067201820000000,98.29853082250966,55,sell
1704067201830000000,98.57037695483835,394,sell
1704067201840000000,98.71348816756534,56,sell
1704067201850000000,100.02739077110006,46,sell
1704067201860000000,99.50690457960174,34,sell
1704067201870000000,100.25488542380475,180,sell
1704067201880000000,99.51908300903658,124,sell
1704067201890000000,99.33621168076401,47,sell
1704067201900000000,99.13530063910984,46,buy
1704067201910000000,97.97818427398393,754,buy
1704067201920000000,98.05343523908381,359,buy
1704067201930000000,98.36888573994484,101,buy
1704067201940000000,98.76261831319843,239,sell
1704067201950000000,99.9029701300167,67,sell
1704067201960000000,99.57679143769717,103,sell
1704067201970000000,99.76460131779655,293,sell
1704067201980000000,99.92016494436812,108,sell
1704067201990000000,99.34505623183308,32,sell
1704067202000000000,99.09182759410571,51,sell
1704067202010000000,98.89970456612092,132,buy
1704067202020000000,99.27964459549662,189,buy
1704067202030000000,98.46191241673353,410,buy
1704067202040000000,98.80998863149047,40,buy
1704067202050000000,99.1744658618522,157,buy
1704067202060000000,99.42894353571826,39,buy
1704067202070000000,99.32378765540257,34,buy
1704067202080000000,99.5385980614405,124,buy
1704067202090000000,99.44767261477293,31,buy
1704067202100000000,98.48337453489715,85,buy
1704067202110000000,99.16200694038845,76,buy
1704067202120000000,99.42036254526585,46,buy
1704067202130000000,99.91921316143699,216,buy
1704067202140000000,99.19047870425668,68,buy
1704067202150000000,99.50217302099348,72,sell
1704067202160000000,99.64164624207697,42,sell
1704067202170000000,99.130174297262,890,sell
1704067202180000000,99.25117047544332,51,sell
1704067202190000000,99.15161474693915,53,sell
1704067202200000000,99.10076625759746,140,sell
1704067202210000000,98.97225458052158,121,sell
1704067202220000000,99.51417300167186,39,sell
1704067202230000000,98.74541311472679,10,sell
1704067202240000000,97.97834437988085,182,sell
1704067202250000000,98.29754282261538,41,buy
1704067202260000000,98.5264139148941,168,buy
1704067202270000000,98.78122697682761,101,buy
1704067202280000000,99.84021836798404,135,buy
1704067202290000000,99.95575722738066,79,buy
1704067202300000000,99.43589744803785,205,sell
1704067202310000000,100.75797043442842,25,sell
1704067202320000000,100.62886191657537,54,buy
1704067202330000000,100.9957624192523,24,buy
1704067202340000000,100.24983026960784,42,buy
1704067202350000000,99.4786430616858,35,buy
1704067202360000000,99.37843334695538,139,sell
1704067202370000000,99.84876031922371,12,sell
1704067202380000000,100.81529080602989,130,buy
1704067202390000000,100.22699767312878,438,buy
1704067202400000000,100.03942180028929,212,sell
1704067202410000000,100.05432959352902,29,buy
1704067202420000000,100.06526320732212,158,buy
1704067202430000000,99.99663309622332,279,buy
1704067202440000000,99.98752566654616,79,buy
1704067202450000000,100.6835246574395,401,buy
1704067202460000000,101.24281018776225,120,buy
1704067202470000000,101.26081160170948,200,buy
1704067202480000000,100.40844671542465,54,sell
1704067202490000000,100.17796505372581,139,sell
1704067202500000000,100.6347473853301,74,sell
1704067202510000000,100.20987834543303,108,sell
1704067202520000000,99.9334651487431,165,sell
1704067202530000000,99.76689434069505,42,sell
1704067202540000000,100.14489746938497,95,sell
1704067202550000000,100.97632246453283,771,buy
1704067202560000000,101.14488534952766,283,sell
1704067202570000000,100.19626992557394,167,sell
1704067202580000000,99.91354475509993,117,sell
1704067202590000000,100.57546163466638,259,sell
1704067202600000000,99.87907438227722,59,sell
1704067202610000000,99.01541743941416,198,sell
1704067202620000000,98.84280529275262,35,sell
1704067202630000000,99.43473677685304,52,sell
1704067202640000000,99.31661534787395,70,sell
1704067202650000000,100.45208341794367,434,sell
1704067202660000000,100.49375514836562,419,sell
1704067202670000000,99.80247563363723,140,sell
1704067202680000000,99.91720171720824,63,sell
1704067202690000000,100.94835980021104,64,buy
1704067202700000000,100.98882534217765,318,buy
1704067202710000000,100.36134352484675,98,sell
1704067202720000000,99.4268805128261,183,buy
1704067202730000000,99.31614904187371,160,buy
1704067202740000000,99.07394904106886,805,buy
1704067202750000000,99.83596020100428,54,buy
1704067202760000000,99.38005637913555,129,buy
1704067202770000000,99.49627848003415,36,buy
1704067202780000000,99.26253596510007,79,buy
1704067202790000000,98.48972323695183,134,buy
1704067202800000000,98.6224582796778,196,buy
1704067202810000000,97.97830753911411,33,buy
1704067202820000000,98.50439295754082,177,buy
1704067202830000000,97.76876803272661,37,buy
1704067202840000000,97.9662081378381,67,buy
1704067202850000000,98.70559729392814,148,buy
1704067202860000000,99.08599935727636,20,sell
1704067202870000000,98.94583593479675,67,sell
1704067202880000000,99.29163021074547,143,buy
1704067202890000000,99.77665917183838,85,buy
1704067202900000000,99.25898741533331,84,buy
1704067202910000000,99.89720794811888,262,buy
1704067202920000000,100.37477584315235,36,buy
1704067202930000000,99.63713585631969,33,buy
1704067202940000000,99.78641841221385,35,buy
1704067202950000000,99.68221555471251,248,buy
1704067202960000000,100.43660978262346,62,buy
1704067202970000000,100.82238505795067,292,buy
1704067202980000000,100.78450779737442,207,buy
1704067202990000000,101.32353959449004,207,buy
1704067203000000000,102.34355173041561,52,buy
1704067203010000000,101.26225091238246,55,buy
1704067203020000000,100.92673212462635,1343,buy
1704067203030000000,100.33594894125292,358,buy
1704067203040000000,100.25971049225971,539,sell
1704067203050000000,99.72594607810498,16,buy
1704067203060000000,100.24045136167541,91,buy
1704067203070000000,101.369490021685,263,buy
1704067203080000000,101.32723510851254,283,buy
1704067203090000000,100.40131198570036,284,buy
1704067203100000000,100.05285274708991,197,buy
1704067203110000000,99.79779753786573,152,buy
1704067203120000000,100.53559830478551,170,buy
1704067203130000000,100.62842041179398,223,sell
1704067203140000000,100.66316848033942,75,sell
1704067203150000000,100.17786316472039,362,sell
1704067203160000000,99.84638513165709,264,sell
1704067203170000000,100.13504751008772,99,sell
1704067203180000000,100.06268079549214,114,buy
1704067203190000000,100.49906143242693,81,buy
1704067203200000000,100.19205665927448,41,buy
1704067203210000000,98.4384295459826,154,buy
1704067203220000000,98.34505866835177,494,buy
1704067203230000000,97.66840286824424,56,sell
1704067203240000000,98.19474387907914,256,sell
1704067203250000000,98.57843912826073,302,sell
1704067203260000000,99.25084651884494,155,sell
1704067203270000000,99.00324254060554,57,sell
1704067203280000000,99.02139883886774,135,sell
1704067203290000000,98.77070813409345,32,sell
1704067203300000000,98.90856078153733,39,sell
1704067203310000000,99.44237541222452,208,buy
1704067203320000000,98.82808254057908,154,buy
1704067203330000000,99.69395898995212,29,buy
1704067203340000000,99.84392398007839,20,buy
1704067203350000000,100.472005657524,447,buy
1704067203360000000,100.19988893757319,123,buy
1704067203370000000,99.99272917009424,67,buy
1704067203380000000,100.57202580790266,61,sell
1704067203390000000,100.72312487339543,178,buy
1704067203400000000,101.4140317430302,116,sell
1704067203410000000,100.44370788983844,110,buy
1704067203420000000,99.65126516348161,13,sell
1704067203430000000,100.0034231445704,500,sell
1704067203440000000,100.12937863057361,391,sell
1704067203450000000,99.99890126746037,125,sell
1704067203460000000,100.920508080979,303,sell
1704067203470000000,101.2771609391831,750,sell
1704067203480000000,100.52991945472517,69,sell
1704067203490000000,100.71757504319638,93,sell
1704067203500000000,100.85299592759358,104,buy
1704067203510000000,100.98874588650744,30,buy
1704067203520000000,100.99718869760851,34,buy
1704067203530000000,100.38289704596657,163,buy
1704067203540000000,100.0056510714992,130,buy
1704067203550000000,99.6119156635771,739,sell
1704067203560000000,100.06327672549446,138,sell
1704067203570000000,99.9155126454957,767,sell
1704067203580000000,99.72537689636881,16,buy
1704067203590000000,100.27347639855006,49,buy
1704067203600000000,99.75732182093832,114,buy
1704067203610000000,100.98398395980713,313,buy
1704067203620000000,100.77221027578587,74,buy
1704067203630000000,100.26259542954402,226,buy
1704067203640000000,99.74055319727063,382,buy
1704067203650000000,100.25958802215727,399,buy
1704067203660000000,100.93823460556304,779,buy
1704067203670000000,101.74688883981034,22,buy
1704067203680000000,101.9925013025901,66,sell
1704067203690000000,101.87723079431765,864,buy
1704067203700000000,102.72607546234971,46,buy
1704067203710000000,102.27640813459274,54,buy
1704067203720000000,101.71730008009592,98,buy
1704067203730000000,101.03821294433514,515,buy
1704067203740000000,100.89601854042297,38,sell
1704067203750000000,100.33614976351564,27,sell
1704067203760000000,100.32210614119411,53,sell
1704067203770000000,100.03402731670339,377,sell
1704067203780000000,99.90835332249729,143,sell
1704067203790000000,100.38290848488978,10,sell
1704067203800000000,99.72122667357354,111,sell
1704067203810000000,98.96722916202656,79,sell
1704067203820000000,99.61049519376401,199,sell
1704067203830000000,98.83102848948103,106,sell
1704067203840000000,99.67988896820741,125,sell
1704067203850000000,99.93949310654602,95,buy
1704067203860000000,99.67207634526574,38,buy
1704067203870000000,99.8682226912257,131,buy
1704067203880000000,100.15184992753629,53,buy
1704067203890000000,98.99901146117062,109,sell
1704067203900000000,98.94063796739748,664,buy
1704067203910000000,99.46211657567372,51,buy
1704067203920000000,99.24892652664522,88,sell
1704067203930000000,98.53983566217974,87,sell
1704067203940000000,98.7227523967866,45,sell
1704067203950000000,98.75063406658806,248,buy
1704067203960000000,99.63332905495834,139,buy
1704067203970000000,100.06253928825495,281,sell
1704067203980000000,100.24389530472543,10,sell
1704067203990000000,100.10077294404111,268,buy
1704067204000000000,100.04611941722429,112,buy
1704067204010000000,99.98087802709033,154,buy
1704067204020000000,100.01931544418498,84,buy
1704067204030000000,100.08952728487743,47,buy
1704067204040000000,100.58869920572364,143,buy
1704067204050000000,100.09200084565907,55,buy
1704067204060000000,100.63769887056988,98,buy
1704067204070000000,100.71387583336524,121,buy
1704067204080000000,100.54412362251503,95,buy
1704067204090000000,100.45772506149875,59,sell
1704067204100000000,100.53529798781508,256,buy
1704067204110000000,100.58482568918384,38,buy
1704067204120000000,100.83930880351,31,buy
1704067204130000000,100.36796401900082,19,buy
1704067204140000000,100.3020664282994,11,buy
1704067204150000000,100.45010838037219,83,buy
1704067204160000000,100.28072877126763,68,buy
1704067204170000000,100.77562780798499,10,buy
1704067204180000000,100.55110153406788,104,buy
1704067204190000000,100.56061553765932,212,buy
1704067204200000000,99.93036255509803,55,sell
1704067204210000000,99.49156644979614,91,sell
1704067204220000000,99.21745989838655,155,sell
1704067204230000000,99.38473665857475,54,sell
1704067204240000000,99.12583072333084,89,buy
1704067204250000000,99.21487896951021,157,sell
1704067204260000000,98.63194806342952,91,buy
1704067204270000000,99.92625208802278,125,buy
1704067204280000000,100.23292729783198,113,buy
1704067204290000000,100.0829021883925,168,buy
1704067204300000000,99.70361484236196,21,buy
1704067204310000000,99.3007042760652,118,buy
1704067204320000000,99.45587234312013,161,buy
1704067204330000000,100.26638859890828,137,buy
1704067204340000000,99.74813946948925,407,buy
1704067204350000000,99.26288986577171,37,sell
1704067204360000000,99.07039974447858,81,buy
1704067204370000000,99.86030401039288,585,buy
1704067204380000000,99.9101507225195,237,sell
1704067204390000000,100.52003003355205,44,sell
1704067204400000000,100.12116737808076,70,sell
1704067204410000000,100.7037248752595,48,buy
1704067204420000000,100.0160481593423,35,buy
1704067204430000000,100.391603452311,31,sell
1704067204440000000,100.01628764008096,84,sell
1704067204450000000,101.15430355240055,41,buy
1704067204460000000,101.34899909694238,281,buy
1704067204470000000,101.82761033300693,95,buy
1704067204480000000,101.37051278999635,81,buy
1704067204490000000,101.39421379019021,170,buy
1704067204500000000,100.8488527622237,97,buy
1704067204510000000,101.2586670799445,175,buy
1704067204520000000,101.41715102396819,86,buy
1704067204530000000,100.70407948793601,45,sell
1704067204540000000,100.664699303686,43,buy
1704067204550000000,100.2930622513713,10,buy
1704067204560000000,100.43356123366686,166,buy
1704067204570000000,99.7997592798043,20,buy
1704067204580000000,100.65888424001271,53,buy
1704067204590000000,100.64342878261363,149,buy
1704067204600000000,100.8176970857507,21,sell
1704067204610000000,100.3159334245746,131,buy
1704067204620000000,99.91732084836065,43,buy
1704067204630000000,99.65697497198764,168,buy
1704067204640000000,100.29935982306695,119,buy
1704067204650000000,99.89612094992516,40,buy
1704067204660000000,99.94398912471341,385,sell
1704067204670000000,99.41468239793063,565,sell
1704067204680000000,98.57643942394054,46,buy
1704067204690000000,99.80072157591972,106,buy
1704067204700000000,99.79666843426638,143,sell
1704067204710000000,99.62004555164653,440,sell
1704067204720000000,99.69924953847867,18,sell
1704067204730000000,100.0121305583709,203,sell
1704067204740000000,99.91597504611185,44,sell
1704067204750000000,99.41172691270792,68,sell
1704067204760000000,100.01020558367094,123,sell
1704067204770000000,101.24118525059153,176,sell
1704067204780000000,101.11590644558407,251,sell
1704067204790000000,100.81309260673717,36,sell
1704067204800000000,100.79291730085214,157,buy
1704067204810000000,99.78348182842163,221,sell
1704067204820000000,99.36138838571341,40,buy
1704067204830000000,99.70388386002483,49,buy
1704067204840000000,99.62175220964409,80,buy
1704067204850000000,99.37744314707876,41,buy
1704067204860000000,99.13504259761451,75,buy
1704067204870000000,99.22825720159655,98,buy
1704067204880000000,99.50531336086651,145,sell
1704067204890000000,99.79327007391127,288,sell
1704067204900000000,99.14234547135202,45,sell
1704067204910000000,99.82024016658255,68,sell
1704067204920000000,99.57609234142176,185,buy
1704067204930000000,100.05213847932127,904,buy
1704067204940000000,99.2833766273902,97,sell
1704067204950000000,98.88899716957773,142,buy
1704067204960000000,99.59524637454062,125,buy
1704067204970000000,99.04248408643092,79,buy
1704067204980000000,99.04896307130383,58,buy
1704067204990000000,98.6778543340878,210,sell
1704067205000000000,98.4780194265267,1039,sell
1704067205010000000,97.83073296297405,261,sell
1704067205020000000,99.1467047926799,105,buy
1704067205030000000,99.37518606767786,75,buy
1704067205040000000,99.45147153723507,143,buy
1704067205050000000,99.55461126668506,110,buy
1704067205060000000,99.41761389220078,81,buy
1704067205070000000,99.08379499398896,42,buy
1704067205080000000,99.74073814373924,159,sell
1704067205090000000,99.54141528117275,580,sell
1704067205100000000,100.1789893155165,139,sell
1704067205110000000,100.46380366867758,35,sell
1704067205120000000,100.25879108221285,55,sell
1704067205130000000,100.55060764653663,921,sell
1704067205140000000,100.16589886322707,43,sell
1704067205150000000,100.8788040464793,335,sell
1704067205160000000,101.05941007981023,43,sell
1704067205170000000,101.26119831405846,54,buy
1704067205180000000,100.61069477233276,348,buy
1704067205190000000,100.84186978240541,154,buy
1704067205200000000,100.64226333635533,102,buy
1704067205210000000,99.91681113450508,54,buy
1704067205220000000,99.83930572667046,359,buy
1704067205230000000,100.46848331286326,53,buy
1704067205240000000,100.72257022494092,33,sell
1704067205250000000,100.80801438497704,169,sell
1704067205260000000,100.92787027445291,52,sell
1704067205270000000,100.85418026835457,77,sell
1704067205280000000,100.94622142864702,452,buy
1704067205290000000,99.88189366584034,18,sell
1704067205300000000,100.25743502158747,88,sell
1704067205310000000,99.91755991120544,166,sell
1704067205320000000,99.82581638754472,95,sell
1704067205330000000,99.9760041971412,25,sell
1704067205340000000,99.37465650804717,47,sell
1704067205350000000,99.5740075842605,233,sell
1704067205360000000,99.23068826544703,169,sell
1704067205370000000,98.58119869690478,44,sell
1704067205380000000,99.07564974221057,726,sell
1704067205390000000,98.75518241040025,125,sell
1704067205400000000,98.99296880455802,310,sell
1704067205410000000,99.95618781844432,61,buy
1704067205420000000,99.20441097266294,637,buy
1704067205430000000,99.34847291044301,41,sell
1704067205440000000,99.1254315621927,317,sell
1704067205450000000,100.15062471305747,13,sell
1704067205460000000,100.64095159623855,394,sell
1704067205470000000,100.60422236883133,135,buy
1704067205480000000,100.42969470772402,82,sell
1704067205490000000,100.86193972665686,75,sell
1704067205500000000,100.20627594188576,106,sell
1704067205510000000,99.75719493795874,15,sell
1704067205520000000,100.53511163892952,63,sell
1704067205530000000,100.57876454679104,268,sell
1704067205540000000,101.12304874017502,348,sell
1704067205550000000,101.6204182962041,35,buy
1704067205560000000,102.39954655505285,386,buy
1704067205570000000,101.42868848577962,23,sell
1704067205580000000,101.38091922492991,178,buy
1704067205590000000,101.76156620077005,133,buy
1704067205600000000,101.84838153788598,60,buy
1704067205610000000,101.07319144335449,492,sell
1704067205620000000,100.95394614863326,74,sell
1704067205630000000,101.30333792194186,461,sell
1704067205640000000,100.6724210492856,121,sell
1704067205650000000,100.78266754122016,67,sell
1704067205660000000,100.65592254011156,289,sell
1704067205670000000,100.77005462446768,35,sell
1704067205680000000,101.16994296913671,189,buy
1704067205690000000,100.7867606022934,273,buy
1704067205700000000,99.5076876881187,38,buy
1704067205710000000,99.6468295495972,145,sell
1704067205720000000,98.9019829488739,218,sell
1704067205730000000,98.45537923234822,262,sell
1704067205740000000,98.86816976931732,144,buy
1704067205750000000,98.58491559328826,245,buy
1704067205760000000,98.36127795915321,231,buy
1704067205770000000,99.02924915440546,80,buy
1704067205780000000,99.3400855923148,60,buy
1704067205790000000,99.56709206553009,113,sell
1704067205800000000,99.07518980450477,104,sell
1704067205810000000,98.94898927673077,102,sell
1704067205820000000,99.35873629192217,301,sell
1704067205830000000,100.12082887503225,72,sell
1704067205840000000,99.78925295121955,43,sell
1704067205850000000,100.38915140506184,375,sell
1704067205860000000,100.53284277791363,205,buy
1704067205870000000,100.29640672418728,74,buy
1704067205880000000,100.71431509621418,24,buy
1704067205890000000,100.16266502259683,332,buy
1704067205900000000,99.93166655360305,50,buy
1704067205910000000,99.025169936423,34,buy
1704067205920000000,100.06440426918041,544,buy
1704067205930000000,100.43996241233393,269,buy
1704067205940000000,100.64045280454388,99,buy
1704067205950000000,100.99240680990476,126,buy
1704067205960000000,100.70247662321718,144,sell
1704067205970000000,100.80886764064635,76,buy
1704067205980000000,101.7531196098261,232,buy
1704067205990000000,101.67119254372295,439,buy
1704067206000000000,101.47403533470451,266,buy
1704067206010000000,101.90104121182108,89,buy
1704067206020000000,101.62387774321387,115,buy
1704067206030000000,101.47570889353918,44,buy
1704067206040000000,101.61304930907203,187,buy
1704067206050000000,101.0573173756289,16,buy
1704067206060000000,101.03358419983893,109,buy
1704067206070000000,100.78739518758248,40,buy
1704067206080000000,99.64775661215549,47,buy
1704067206090000000,99.40954433868178,102,sell
1704067206100000000,99.91208622454647,59,buy
1704067206110000000,99.64198734990269,68,buy
1704067206120000000,100.48219333336884,16,buy
1704067206130000000,99.67467664457375,81,buy
1704067206140000000,99.9097392804696,1538,buy
1704067206150000000,100.10708560790566,218,buy
1704067206160000000,99.8609451637191,120,buy
1704067206170000000,99.67394638749386,82,buy
1704067206180000000,100.14456780662422,21,buy
1704067206190000000,99.16618599527759,127,buy
1704067206200000000,99.50548478800116,186,buy
1704067206210000000,99.89211262880454,332,sell
1704067206220000000,100.1086002217339,26,sell
1704067206230000000,99.60817130425066,291,sell
1704067206240000000,100.20388459729307,239,sell
1704067206250000000,100.31487310864999,10,sell
1704067206260000000,100.00112172362948,23,sell
1704067206270000000,99.90382821270094,25,sell
1704067206280000000,100.1640443917678,306,sell
1704067206290000000,100.59068253464356,94,sell
1704067206300000000,100.70773859229227,94,sell
1704067206310000000,99.69955262787445,417,sell
1704067206320000000,99.20128772953822,59,sell
1704067206330000000,99.51530776169557,121,buy
1704067206340000000,99.51937499304232,27,buy
1704067206350000000,99.57951406681921,203,sell
1704067206360000000,99.68366358178423,119,buy
1704067206370000000,99.89406154066916,160,buy
1704067206380000000,100.39364452884746,219,buy
1704067206390000000,100.67643278671594,126,buy
1704067206400000000,100.28470538416543,60,buy
1704067206410000000,100.69767866298544,464,buy
1704067206420000000,101.40481678093838,412,sell
1704067206430000000,100.75668876957891,126,sell
1704067206440000000,100.55566660239444,76,sell
1704067206450000000,100.74919904152424,456,buy
1704067206460000000,100.66168963724972,161,sell
1704067206470000000,100.53663727339304,191,sell
1704067206480000000,100.18308952786217,217,sell
1704067206490000000,100.05790981386257,91,sell
1704067206500000000,99.2938035320725,27,sell
1704067206510000000,99.25524194231392,19,sell
1704067206520000000,99.18149620898562,44,sell
1704067206530000000,99.50382833001778,242,sell
1704067206540000000,99.49496483950152,196,buy
1704067206550000000,99.10025025196632,186,buy
1704067206560000000,99.7031718148945,45,sell
1704067206570000000,99.53506746388375,417,sell
1704067206580000000,98.67829429328565,1249,sell
1704067206590000000,99.21798025208003,24,buy
1704067206600000000,99.02989513964908,72,sell
1704067206610000000,99.20758088600644,39,sell
1704067206620000000,99.17252771656675,60,buy
1704067206630000000,98.81040180373604,46,buy
1704067206640000000,98.86653184761886,12,buy
1704067206650000000,99.23469917713777,550,buy
1704067206660000000,98.76503816112755,125,buy
1704067206670000000,98.97042022512478,108,sell
1704067206680000000,98.76432617849896,149,sell
1704067206690000000,98.90858813582706,10,sell
1704067206700000000,99.00368967397644,62,sell
1704067206710000000,100.44244279256081,89,sell
1704067206720000000,100.47960107935502,335,sell
1704067206730000000,100.8561086068474,111,sell
1704067206740000000,100.44749312503495,540,sell
1704067206750000000,99.92529540724237,473,sell
1704067206760000000,100.63160365603461,34,sell
1704067206770000000,99.65196318365483,75,sell
1704067206780000000,100.34235622887886,150,sell
1704067206790000000,99.8128838331471,41,sell
1704067206800000000,99.27236949039279,53,sell
1704067206810000000,98.8704371046081,90,sell
1704067206820000000,99.65756442703491,86,buy
1704067206830000000,99.61453747934404,44,buy
1704067206840000000,100.14112948060044,65,buy
1704067206850000000,101.0698326957303,141,buy
1704067206860000000,100.7252856897797,92,buy
1704067206870000000,100.60890601846612,36,buy
1704067206880000000,100.4791500073138,506,sell
1704067206890000000,99.52681654504481,1981,sell
1704067206900000000,99.92600804505035,271,sell
1704067206910000000,99.16289638154848,100,sell
1704067206920000000,98.6391633728125,66,sell
1704067206930000000,99.56443080742376,91,sell
1704067206940000000,98.7071274131744,98,sell
1704067206950000000,98.19786617237943,93,sell
1704067206960000000,97.38854571539225,137,sell
1704067206970000000,97.56751224152784,180,sell
1704067206980000000,96.5434604319474,570,sell
1704067206990000000,97.02581461662346,183,sell
1704067207000000000,96.7383534235773,59,buy
1704067207010000000,97.0266484482786,42,sell
1704067207020000000,97.45211720238571,126,sell
1704067207030000000,97.54892817964165,90,buy
1704067207040000000,98.07988637722887,436,sell
1704067207050000000,98.20468222380181,202,sell
1704067207060000000,98.95595243916638,42,sell
1704067207070000000,98.32541749501623,79,sell
1704067207080000000,98.23040368016001,47,buy
1704067207090000000,99.73376738062292,593,sell
1704067207100000000,99.7266643671315,46,sell
1704067207110000000,99.96788408414135,28,sell
1704067207120000000,99.87191972371902,61,sell
1704067207130000000,100.46698858491328,27,sell
1704067207140000000,100.71334958873427,27,sell
1704067207150000000,101.64609804740411,162,buy
1704067207160000000,101.10232989050422,107,buy
1704067207170000000,101.53242000420894,982,sell
1704067207180000000,101.85990114001358,926,sell
1704067207190000000,101.9479866561952,126,buy
1704067207200000000,102.15873269867592,227,buy
1704067207210000000,102.20785769325008,83,sell
1704067207220000000,101.96773359727116,280,sell
1704067207230000000,100.95435729902,102,sell
1704067207240000000,100.46276964834816,68,sell
1704067207250000000,100.42322422346315,53,sell
1704067207260000000,100.38591441658212,85,sell
1704067207270000000,100.2527447213895,104,sell
1704067207280000000,99.44819645634352,282,buy
1704067207290000000,99.94510262255321,104,buy
1704067207300000000,100.36642731756889,31,buy
1704067207310000000,99.55657066123268,427,buy
1704067207320000000,99.63456669743807,109,buy
1704067207330000000,99.2472822338449,262,buy
1704067207340000000,97.81488592640576,12,buy
1704067207350000000,97.68332890439407,29,sell
1704067207360000000,98.34222766288785,10,buy
1704067207370000000,98.62591877098366,49,buy
1704067207380000000,98.94422113192708,232,sell
1704067207390000000,98.11918109686425,123,sell
1704067207400000000,98.04868812480439,120,sell
1704067207410000000,97.92981889483728,504,sell
1704067207420000000,97.97165199097941,143,sell
1704067207430000000,97.74116841154162,102,sell
1704067207440000000,97.32478987793776,24,buy
1704067207450000000,98.11210146744992,279,buy
1704067207460000000,98.72018991390266,1086,buy
1704067207470000000,98.81788474905089,14,buy
1704067207480000000,99.65114471987359,129,buy
1704067207490000000,99.9468383463636,61,buy
1704067207500000000,99.96587435409569,25,sell
1704067207510000000,100.10357868479768,46,buy
1704067207520000000,100.01801724686399,57,buy
1704067207530000000,98.60922093325043,60,buy
1704067207540000000,98.4355561163915,54,sell
1704067207550000000,99.23854303391336,103,buy
1704067207560000000,99.59812281754357,47,sell
1704067207570000000,99.50577395164004,211,sell
1704067207580000000,98.80634178217201,45,buy
1704067207590000000,99.56607146447968,88,buy
1704067207600000000,99.01663798283874,955,buy
1704067207610000000,99.20798618285697,58,buy
1704067207620000000,99.01827243452321,36,buy
1704067207630000000,98.2449383371159,27,buy
1704067207640000000,98.3050327412176,27,buy
1704067207650000000,98.86687276837118,36,buy
1704067207660000000,98.9459143770855,38,sell
1704067207670000000,100.09291474602922,313,buy
1704067207680000000,100.42849218537691,10,buy
1704067207690000000,100.27373900010963,44,buy
1704067207700000000,100.27062560826015,436,sell
1704067207710000000,100.76790745089603,40,buy
1704067207720000000,100.77289401490155,127,buy
1704067207730000000,99.5373700581341,197,sell
1704067207740000000,99.52721118238635,10,sell
1704067207750000000,99.22228872807214,641,sell
1704067207760000000,99.31377902353759,10,sell
1704067207770000000,99.2808701928904,14,sell
1704067207780000000,99.16126833779352,64,sell
1704067207790000000,99.43605901420179,84,sell
1704067207800000000,99.74637467307251,311,sell
1704067207810000000,99.18488840837855,249,sell
1704067207820000000,99.14816150568014,48,sell
1704067207830000000,99.39559466399264,210,sell
1704067207840000000,99.04268943411462,399,sell
1704067207850000000,99.15137227147457,389,sell
1704067207860000000,100.27952462769628,129,buy
1704067207870000000,100.66353623153503,69,buy
1704067207880000000,99.49673389686507,93,buy
1704067207890000000,99.44783209800919,1346,buy
1704067207900000000,99.26616462115325,95,sell
1704067207910000000,99.36159652038303,57,sell
1704067207920000000,100.45895169942172,69,buy
1704067207930000000,100.50074631856637,276,buy
1704067207940000000,100.63975609014302,139,sell
1704067207950000000,100.53002535908129,338,sell
1704067207960000000,100.83428123662053,49,sell
1704067207970000000,100.8655926879374,20,sell
1704067207980000000,100.62214822594711,243,sell
1704067207990000000,100.89254923985875,131,buy
1704067208000000000,100.18750983660391,43,buy
1704067208010000000,100.37507488208796,386,sell
1704067208020000000,100.1156701444295,210,sell
1704067208030000000,99.70092917346162,25,sell
1704067208040000000,100.1064028233919,81,sell
1704067208050000000,99.42256065461507,49,sell
1704067208060000000,98.54051148179539,174,sell
1704067208070000000,98.92198921909683,68,buy
1704067208080000000,98.42328289844936,43,buy
1704067208090000000,97.82572356344483,140,buy
1704067208100000000,97.83348951920897,438,buy
1704067208110000000,97.28341753050047,105,buy
1704067208120000000,98.36775930802077,119,buy
1704067208130000000,98.92138282777492,38,buy
1704067208140000000,98.92878861650472,47,buy
1704067208150000000,98.86035927343255,194,buy
1704067208160000000,98.34617109131528,109,buy
1704067208170000000,98.33721575939818,213,buy
1704067208180000000,97.19551017996874,23,buy
1704067208190000000,97.21428756454436,362,sell
1704067208200000000,97.86275657809854,164,buy
1704067208210000000,98.12992009486184,398,buy
1704067208220000000,98.03248924573191,96,sell
1704067208230000000,98.5793165534187,233,sell
1704067208240000000,98.1757844419599,377,sell
1704067208250000000,98.9701272683186,665,sell
1704067208260000000,98.20459576716698,528,sell
1704067208270000000,98.8158210089431,183,sell
1704067208280000000,99.34847439186986,125,buy
1704067208290000000,100.1479682662112,41,buy
1704067208300000000,100.17345661693001,26,buy
1704067208310000000,100.38006943814881,11,sell
1704067208320000000,100.66131238310572,38,sell
1704067208330000000,101.08250150690206,85,sell
1704067208340000000,101.99098922394218,13,buy
1704067208350000000,102.33676215910482,34,buy
1704067208360000000,102.22319506407054,154,buy
1704067208370000000,101.76062566444871,49,sell
1704067208380000000,101.3007887084554,162,sell
1704067208390000000,101.70086641376855,128,sell
1704067208400000000,101.51983465601901,133,sell
1704067208410000000,101.59838708462759,135,sell
1704067208420000000,101.32197046451168,129,buy
1704067208430000000,101.15295868392009,122,buy
1704067208440000000,101.48211775382198,43,buy
1704067208450000000,102.24950338155105,102,buy
1704067208460000000,102.26994942722996,318,buy
1704067208470000000,101.54651862529492,124,buy
1704067208480000000,101.15633382251639,264,buy
1704067208490000000,101.230916542462,388,buy
1704067208500000000,101.4479848805344,141,buy
1704067208510000000,101.31635290138736,224,sell
1704067208520000000,100.69838711304857,138,buy
1704067208530000000,101.23864644330813,83,buy
1704067208540000000,100.84720029229902,182,buy
1704067208550000000,100.51775889666042,147,sell
1704067208560000000,100.54917954506995,162,sell
1704067208570000000,99.92216108109075,22,buy
1704067208580000000,99.7206301345126,41,buy
1704067208590000000,99.50098368673011,30,buy
1704067208600000000,99.57363152220192,171,buy
1704067208610000000,100.36890710164391,232,buy
1704067208620000000,99.40874946837504,191,buy
1704067208630000000,99.03064847289683,70,sell
1704067208640000000,98.663145016333,231,sell
1704067208650000000,98.86908201704145,53,buy
1704067208660000000,98.71105805954699,122,buy
1704067208670000000,99.56063422769496,182,sell
1704067208680000000,100.00837918185731,117,sell
1704067208690000000,99.21624295664083,200,sell
1704067208700000000,99.80827079533353,88,sell
1704067208710000000,99.71598972487357,203,sell
1704067208720000000,100.26825040414408,46,sell
1704067208730000000,100.25545717877094,45,sell
1704067208740000000,100.51920815492296,102,sell
1704067208750000000,100.27573921648053,27,sell
1704067208760000000,100.23446548926918,446,sell
1704067208770000000,100.36836413735124,125,sell
1704067208780000000,100.1426668569169,174,buy
1704067208790000000,100.13137385992626,76,buy
1704067208800000000,99.47152248001665,167,buy
1704067208810000000,99.7107990988699,198,buy
1704067208820000000,99.31793901643857,93,sell
1704067208830000000,100.23975129297864,56,sell
1704067208840000000,99.92408743064519,32,sell
1704067208850000000,100.16131905220284,281,buy
1704067208860000000,100.19097811345037,21,buy
1704067208870000000,100.87907925667514,73,buy
1704067208880000000,100.40924793917523,37,buy
1704067208890000000,100.43871995264468,68,buy
1704067208900000000,99.98156940409291,93,sell
1704067208910000000,100.53555414763989,98,sell
1704067208920000000,99.8376343109071,111,buy
1704067208930000000,99.04792677407376,44,buy
1704067208940000000,98.87053876218015,195,buy
1704067208950000000,98.63722836605251,30,buy
1704067208960000000,98.5046003814027,46,sell
1704067208970000000,98.30410817266846,91,sell
1704067208980000000,98.86582967720106,924,sell
1704067208990000000,98.65823312156654,163,buy
1704067209000000000,98.2511627485966,19,buy
1704067209010000000,97.35884181783656,146,buy
1704067209020000000,97.86037507718595,93,buy
1704067209030000000,97.50572026389376,66,buy
1704067209040000000,97.6390182306233,57,buy
1704067209050000000,97.14971241488006,122,sell
1704067209060000000,97.88924364507004,78,sell
1704067209070000000,97.91300083026437,188,sell
1704067209080000000,98.35580865374459,27,sell
1704067209090000000,98.02334433275259,29,buy
1704067209100000000,98.70637376803339,122,buy
1704067209110000000,98.6975959626309,131,buy
1704067209120000000,98.71936920344413,241,buy
1704067209130000000,98.12196519716231,41,sell
1704067209140000000,97.61472895095268,41,sell
1704067209150000000,97.90456717851289,23,sell
1704067209160000000,97.35325818666149,109,buy
1704067209170000000,98.15824714827106,31,buy
1704067209180000000,97.03317464992908,180,buy
1704067209190000000,97.59400204257302,275,buy
1704067209200000000,97.35156186284317,457,sell
1704067209210000000,97.83529458067842,33,sell
1704067209220000000,98.50424186111532,192,buy
1704067209230000000,97.31049564655842,867,buy
1704067209240000000,98.89781043918646,69,buy
1704067209250000000,98.46276199150815,167,buy
1704067209260000000,98.75337440663357,54,buy
1704067209270000000,99.06333183722614,38,buy
1704067209280000000,99.69877904218338,73,buy
1704067209290000000,99.90259410345975,104,buy
1704067209300000000,99.48883802002844,127,sell
1704067209310000000,99.40221221352432,140,sell
1704067209320000000,99.1518140468203,303,sell
1704067209330000000,99.11741759064847,108,buy
1704067209340000000,98.26683530286437,42,buy
1704067209350000000,97.8147906043321,110,buy
1704067209360000000,97.73710065712356,40,buy
1704067209370000000,98.57873523558493,1563,sell
1704067209380000000,99.04369478396791,35,sell
1704067209390000000,99.27008904240172,371,sell
1704067209400000000,99.56999818623225,168,sell
1704067209410000000,99.99182573806236,84,sell
1704067209420000000,100.1926051607997,454,sell
1704067209430000000,99.81356680234188,59,sell
1704067209440000000,99.98523361735407,46,sell
1704067209450000000,100.28034850666229,50,buy
1704067209460000000,100.34767829779143,300,buy
1704067209470000000,100.2396931144646,99,sell
1704067209480000000,99.78985234274215,428,sell
1704067209490000000,99.42994357298038,115,sell
1704067209500000000,99.49926957721995,517,sell
1704067209510000000,99.68310227543536,84,buy
1704067209520000000,99.97167073311111,215,buy
1704067209530000000,100.44178147808222,57,buy
1704067209540000000,100.47808070172657,53,buy
1704067209550000000,100.02405108849018,196,buy
1704067209560000000,100.25970811567112,175,buy
1704067209570000000,100.74798285908346,153,buy
1704067209580000000,100.32732929257085,59,buy
1704067209590000000,99.83060450960855,196,buy
1704067209600000000,100.01863501446095,101,buy
1704067209610000000,99.39478793325888,64,buy
1704067209620000000,99.29798229910953,140,buy
1704067209630000000,99.13209463322995,76,buy
1704067209640000000,99.57195313108915,161,sell
1704067209650000000,99.56394282904151,38,sell
1704067209660000000,99.58630416193931,70,sell
1704067209670000000,98.75237147041825,151,buy
1704067209680000000,99.18822359102123,26,buy
1704067209690000000,99.80779366640905,113,buy
1704067209700000000,99.91651753694327,23,sell
1704067209710000000,100.84848995686006,171,buy
1704067209720000000,100.97418715412897,181,sell
1704067209730000000,100.80404143432938,14,buy
1704067209740000000,101.03262484420382,71,buy
1704067209750000000,100.90472221323769,42,buy
1704067209760000000,100.28045758279522,258,buy
1704067209770000000,100.26237535491246,16,buy
1704067209780000000,100.7401108109466,14,buy
1704067209790000000,100.87349938712303,356,buy
1704067209800000000,101.03466713645786,143,sell
1704067209810000000,101.40758720590307,250,sell
1704067209820000000,102.04774683457897,136,sell
1704067209830000000,101.35010261027709,379,sell
1704067209840000000,101.3249383227243,22,sell
1704067209850000000,101.2987721785166,23,buy
1704067209860000000,100.93168038175574,168,buy
1704067209870000000,100.41481310068089,63,sell
1704067209880000000,99.83441359275743,148,buy
1704067209890000000,99.7425039102811,150,sell
1704067209900000000,100.20725140593329,431,sell
1704067209910000000,100.36147479489343,184,buy
1704067209920000000,100.06287681895608,97,buy
1704067209930000000,100.21158184961695,228,sell
1704067209940000000,100.08199930674516,38,sell
1704067209950000000,99.73895833229408,12,sell
1704067209960000000,99.54579985818118,98,buy
1704067209970000000,98.75227783641263,873,buy
1704067209980000000,98.2674584566972,194,buy
1704067209990000000,98.25300637523898,23,buy
1704067210000000000,98.19884446320721,110,buy
1704067210010000000,98.19337283166968,953,buy
1704067210020000000,98.35895358908537,92,buy
1704067210030000000,99.2029023743987,79,buy
1704067210040000000,99.35372613169471,35,sell
1704067210050000000,98.69204444598458,78,sell
1704067210060000000,98.78288103587239,25,sell
1704067210070000000,98.34026763931732,59,buy
1704067210080000000,99.3970382365417,810,sell
1704067210090000000,99.24576193128898,26,sell
1704067210100000000,99.18111202839134,162,sell
1704067210110000000,100.12158810354701,747,sell
1704067210120000000,100.73139424415565,144,sell
1704067210130000000,100.53908061501622,324,buy
1704067210140000000,101.26701630866515,47,buy
1704067210150000000,101.25174356645809,41,sell
1704067210160000000,102.23114000236868,109,sell
1704067210170000000,100.9539073418115,46,sell
1704067210180000000,100.97066912111605,54,sell
1704067210190000000,100.41865735862086,139,sell
1704067210200000000,100.12765788401869,384,buy
1704067210210000000,100.14856764424151,87,buy
1704067210220000000,100.74939820150529,207,buy
1704067210230000000,100.70535474125592,673,sell
1704067210240000000,100.36468595230224,10,sell
1704067210250000000,99.98530897741244,163,sell
1704067210260000000,99.59260971053675,17,buy
1704067210270000000,99.78272857077813,58,buy
1704067210280000000,99.49083687807273,311,buy
1704067210290000000,99.15254173469587,396,sell
1704067210300000000,98.77559311090346,52,sell
1704067210310000000,98.85738608400837,43,sell
1704067210320000000,98.67265389251745,117,sell
1704067210330000000,99.75367119114907,694,sell
1704067210340000000,100.36697978965658,161,sell
1704067210350000000,100.39973265928688,341,sell
1704067210360000000,100.36226981126129,150,sell
1704067210370000000,99.28623938198946,19,sell
1704067210380000000,98.58193637021546,209,sell
1704067210390000000,98.43196139198314,52,sell
1704067210400000000,98.18143050040119,74,sell
1704067210410000000,98.14026825170092,21,sell
1704067210420000000,98.48843597682895,48,sell
1704067210430000000,98.97578045581137,87,sell
1704067210440000000,98.75447155724946,23,sell
1704067210450000000,98.92676792663572,17,sell
1704067210460000000,98.68658260805648,279,sell
1704067210470000000,98.88827067697889,68,buy
1704067210480000000,99.348900650045,86,buy
1704067210490000000,99.85054449167953,102,buy
1704067210500000000,100.03081484506231,41,buy
1704067210510000000,100.44236292544869,529,sell
1704067210520000000,99.84938564076256,247,sell
1704067210530000000,99.06489257057464,303,buy
1704067210540000000,98.93106941245212,240,buy
1704067210550000000,99.20689524604211,297,buy
1704067210560000000,99.25834835961545,265,buy
1704067210570000000,99.21404961211606,91,sell
1704067210580000000,99.69717370683425,64,sell
1704067210590000000,99.25554519188103,35,sell
1704067210600000000,99.18968538430607,52,sell
1704067210610000000,98.86066245156093,251,sell
1704067210620000000,98.55423540433065,36,sell
1704067210630000000,98.86791487401436,222,sell
1704067210640000000,98.94801605210692,113,sell
1704067210650000000,98.37143756794953,104,sell
1704067210660000000,98.58963930638907,84,sell
1704067210670000000,99.37064573761478,11,sell
1704067210680000000,100.38472140230513,42,sell
1704067210690000000,99.54901488287388,80,buy
1704067210700000000,99.82068986041236,87,buy
1704067210710000000,99.27634245518075,168,buy
1704067210720000000,99.42486484212226,167,buy
1704067210730000000,99.4954179173392,26,sell
1704067210740000000,98.67127135042885,23,sell
1704067210750000000,97.87678784077421,210,buy
1704067210760000000,98.15467948116188,46,buy
1704067210770000000,98.62364787637644,326,buy
1704067210780000000,97.80410273038837,84,sell
1704067210790000000,98.00268655953293,288,buy
1704067210800000000,98.77787822444954,70,buy
1704067210810000000,98.13467789529486,89,buy
1704067210820000000,98.04900322332065,225,buy
1704067210830000000,98.04404864876376,28,buy
1704067210840000000,98.44748087642051,52,buy
1704067210850000000,98.69352596605727,662,buy
1704067210860000000,98.81880995365397,64,buy
1704067210870000000,99.15836901085402,85,buy
1704067210880000000,100.10446744176832,101,buy
1704067210890000000,99.62369806353134,191,buy
1704067210900000000,99.71415381836066,201,sell
1704067210910000000,100.10250575391734,69,sell
1704067210920000000,100.29319290957906,152,sell
1704067210930000000,99.59903406284059,46,buy
1704067210940000000,99.10805653439128,141,buy
1704067210950000000,98.92568850516123,56,buy
1704067210960000000,98.84236904486211,378,buy
1704067210970000000,98.88781054104547,701,sell
1704067210980000000,99.06684736075262,15,sell
1704067210990000000,100.03838173628755,644,sell
1704067211000000000,100.23605842884919,81,buy
1704067211010000000,100.33491659879282,273,buy
1704067211020000000,101.02787798012557,257,buy
1704067211030000000,100.56743000756578,18,buy
1704067211040000000,100.35888407363205,75,buy
1704067211050000000,100.92339721939157,23,buy
1704067211060000000,101.17169087779932,23,sell
1704067211070000000,101.0267421017496,421,sell
1704067211080000000,101.26136473621865,231,sell
1704067211090000000,101.11085013127119,18,buy
1704067211100000000,101.65561916825547,22,buy
1704067211110000000,101.42958204294224,270,buy
1704067211120000000,101.29613401074134,268,sell
1704067211130000000,100.8040119646233,153,sell
1704067211140000000,100.93804807626714,104,sell
1704067211150000000,101.06914385333907,46,sell
1704067211160000000,100.79263575342284,77,sell
1704067211170000000,100.90856043215582,151,sell
1704067211180000000,100.42422774250483,90,buy
1704067211190000000,100.87978805838408,104,sell
1704067211200000000,100.60382508206244,1008,sell
1704067211210000000,100.50018069799941,69,buy
1704067211220000000,100.49022082356275,27,buy
1704067211230000000,100.47459245329713,117,buy
1704067211240000000,100.07494268809712,95,sell
1704067211250000000,99.19642731010237,67,sell
1704067211260000000,98.40647634220507,62,sell
1704067211270000000,98.8032616235211,32,sell
1704067211280000000,98.60271874876652,118,sell
1704067211290000000,98.96134398786819,335,sell
1704067211300000000,99.38559501675014,125,sell
1704067211310000000,99.38572470850505,64,sell
1704067211320000000,99.78401728762844,57,sell
1704067211330000000,98.35240820568973,94,sell
1704067211340000000,98.84786058303578,180,sell
1704067211350000000,99.6596731900472,140,buy
1704067211360000000,99.61001670523127,124,buy
1704067211370000000,99.07053045416714,30,buy
1704067211380000000,99.94800033272678,418,buy
1704067211390000000,99.26878846661245,81,sell
1704067211400000000,99.18453185387146,688,sell
1704067211410000000,98.55827068844555,177,buy
1704067211420000000,98.95746274462685,12,buy
1704067211430000000,98.48842172429266,20,sell
1704067211440000000,99.33607173244705,162,sell
1704067211450000000,99.87718820936851,41,buy
1704067211460000000,99.74936136342029,67,buy
1704067211470000000,98.98185431384175,66,sell
1704067211480000000,99.65478531799573,10,sell
1704067211490000000,99.80408649670062,122,buy
1704067211500000000,100.56256527072178,137,buy
1704067211510000000,100.02991009846501,870,buy
1704067211520000000,100.30033843119817,68,sell
1704067211530000000,100.74373014374086,85,buy
1704067211540000000,101.11976701675276,72,buy
1704067211550000000,101.34915668888401,1350,sell
1704067211560000000,101.6767489915293,126,sell
1704067211570000000,100.98194632909683,61,sell
1704067211580000000,100.48021333663795,102,sell
1704067211590000000,100.56473335926106,75,sell
1704067211600000000,100.3639487050942,73,sell
1704067211610000000,100.15233911925029,51,buy
1704067211620000000,100.03919082817625,231,buy
1704067211630000000,99.5011651929794,64,buy
1704067211640000000,99.2845529793421,71,buy
1704067211650000000,99.4267616019804,101,sell
1704067211660000000,99.08657708015707,107,sell
1704067211670000000,98.3394953437385,358,sell
1704067211680000000,98.00292678486649,71,buy
1704067211690000000,98.30983345887569,100,buy
1704067211700000000,98.5196281802516,51,sell
1704067211710000000,98.84962010584397,116,sell
1704067211720000000,99.28117315246436,113,sell
1704067211730000000,99.23967166862748,78,sell
1704067211740000000,99.88797184951154,67,sell
1704067211750000000,99.46467984667831,10,sell
1704067211760000000,99.17098167616135,32,buy
1704067211770000000,99.66211518987978,38,sell
1704067211780000000,99.0719033138381,224,buy
1704067211790000000,99.74860071908435,57,buy
1704067211800000000,100.08342543386807,440,buy
1704067211810000000,98.99948470907107,98,buy
1704067211820000000,98.40564151091985,148,buy
1704067211830000000,98.25295283986233,150,buy
1704067211840000000,98.4181136800003,29,buy
1704067211850000000,99.17893639104983,135,sell
1704067211860000000,98.85622463961275,23,sell
1704067211870000000,98.41838732895239,261,buy
1704067211880000000,98.11800422972117,48,buy
1704067211890000000,98.86247213096618,190,buy
1704067211900000000,98.97812298339322,50,buy
1704067211910000000,98.48402645537682,127,buy
1704067211920000000,98.41133938494777,54,buy
1704067211930000000,98.36626685305436,272,sell
1704067211940000000,99.82604262021904,96,buy
1704067211950000000,99.91255343046761,158,sell
1704067211960000000,100.25001278161356,56,sell
1704067211970000000,100.22187232848124,69,sell
1704067211980000000,99.78665262905264,96,sell
1704067211990000000,100.5935777871088,116,sell
1704067212000000000,100.2757707516425,29,sell
1704067212010000000,100.52367389093422,316,buy
1704067212020000000,100.28905861857645,146,buy
1704067212030000000,99.74294884565987,23,buy
1704067212040000000,100.49449840519512,64,buy
1704067212050000000,100.78338242147824,10,buy
1704067212060000000,100.81440185315239,35,buy
1704067212070000000,100.40688988752872,267,sell
1704067212080000000,99.73524090146756,113,sell
1704067212090000000,99.18656415717517,30,sell
1704067212100000000,99.19333494786012,140,buy
1704067212110000000,98.91788434410827,47,buy
1704067212120000000,99.10862808136508,23,buy
1704067212130000000,99.16346396904206,163,buy
1704067212140000000,98.35209008065108,44,buy
1704067212150000000,98.37521663969194,55,buy
1704067212160000000,98.1220550682947,72,buy
1704067212170000000,99.39314599022372,200,buy
1704067212180000000,98.53279460314988,225,buy
1704067212190000000,98.2762034995084,80,buy
1704067212200000000,98.34667172624158,77,buy
1704067212210000000,98.472653829356,113,buy
1704067212220000000,98.25248655451456,33,buy
1704067212230000000,98.65288067594483,98,sell
1704067212240000000,98.78323222795966,83,buy
1704067212250000000,99.1572475718611,32,buy
1704067212260000000,99.52544153355477,72,buy
1704067212270000000,99.78869747432475,244,buy
1704067212280000000,99.88397270724597,34,sell
1704067212290000000,99.55341068027272,206,sell
1704067212300000000,98.9635873175022,39,sell
1704067212310000000,99.51630127262003,79,buy
1704067212320000000,99.41863361350735,145,buy
1704067212330000000,99.68295401338551,41,buy
1704067212340000000,100.29012107930893,66,buy
1704067212350000000,100.48823015810257,181,buy
1704067212360000000,99.67108095334576,145,buy
1704067212370000000,100.82334294527301,183,sell
1704067212380000000,101.29626019240916,165,sell
1704067212390000000,101.23216887251442,176,sell
1704067212400000000,100.36820783837268,130,buy
1704067212410000000,100.27161062492591,97,buy
1704067212420000000,99.98141404075693,622,buy
1704067212430000000,99.895774277562,411,sell
1704067212440000000,98.74271349727191,1014,buy
1704067212450000000,98.85548261041767,86,sell
1704067212460000000,99.05473640732448,88,buy
1704067212470000000,99.23356093732683,23,buy
1704067212480000000,100.36599175884591,17,buy
1704067212490000000,100.09707432756997,70,buy
1704067212500000000,99.27012869032733,495,buy
1704067212510000000,99.83513754130084,266,buy
1704067212520000000,99.27367620688668,71,sell
1704067212530000000,99.16290150594708,154,sell
1704067212540000000,99.29992384827025,36,sell
1704067212550000000,98.90236513156415,183,sell
1704067212560000000,99.3235774574256,109,sell
1704067212570000000,99.79767728451323,370,sell
1704067212580000000,99.39647972580684,107,buy
1704067212590000000,99.45901749680255,10,sell
1704067212600000000,98.74118804993768,83,sell
1704067212610000000,99.14348094290287,84,buy
1704067212620000000,98.95624783466717,90,buy
1704067212630000000,99.27909615109502,14,buy
1704067212640000000,99.43752526788077,855,buy
1704067212650000000,100.12698402108852,113,buy
1704067212660000000,100.16403207915134,82,sell
1704067212670000000,99.66399429210334,59,sell
1704067212680000000,100.3831314144387,57,sell
1704067212690000000,99.45683159191078,23,buy
1704067212700000000,98.92677429692358,330,buy
1704067212710000000,100.08290289093785,103,buy
1704067212720000000,100.67790423820973,111,buy
1704067212730000000,101.0534001201925,309,buy
1704067212740000000,101.26728770361389,63,buy
1704067212750000000,100.5917440499166,384,buy
1704067212760000000,101.434480393911,64,buy
1704067212770000000,100.35283202810626,46,sell
1704067212780000000,100.37266566070029,72,buy
1704067212790000000,100.2743777940946,88,buy
1704067212800000000,100.6458802082931,325,sell
1704067212810000000,101.06173967619812,133,sell
1704067212820000000,101.42456041653499,147,sell
1704067212830000000,101.13969034516145,29,sell
1704067212840000000,101.0865626144882,120,sell
1704067212850000000,100.55847688491117,20,sell
1704067212860000000,100.76925547343068,52,sell
1704067212870000000,101.6496139170292,105,sell
1704067212880000000,100.74071562889361,27,sell
1704067212890000000,101.28401875130052,1015,sell
1704067212900000000,101.82488567557924,61,sell
1704067212910000000,102.7954639383988,332,sell
1704067212920000000,102.75027058701399,242,sell
1704067212930000000,101.99114052404934,210,sell
1704067212940000000,101.64693593401445,162,sell
1704067212950000000,102.51100999725737,38,sell
1704067212960000000,102.68247911846511,178,buy
1704067212970000000,101.73776169550408,92,buy
1704067212980000000,101.83638651382863,15,buy
1704067212990000000,102.0122669126685,190,buy
1704067213000000000,101.75855713281516,86,buy
1704067213010000000,102.18891324880903,17,buy
1704067213020000000,101.95203740768015,1019,sell
1704067213030000000,102.70078779414308,607,sell
1704067213040000000,102.17284527484702,152,sell
1704067213050000000,102.26219984045156,146,sell
1704067213060000000,102.72872800591603,118,buy
1704067213070000000,102.28414909122536,10,buy
1704067213080000000,101.30988256877721,168,buy
1704067213090000000,100.67933796332863,143,buy
1704067213100000000,101.10460189574366,157,buy
1704067213110000000,101.3867680561668,52,buy
1704067213120000000,100.97907312984634,85,buy
1704067213130000000,100.95421560491602,131,buy
1704067213140000000,101.96228616826997,86,buy
1704067213150000000,101.56902863781053,99,sell
1704067213160000000,101.34878221137699,143,sell
1704067213170000000,101.5717707606918,140,sell
1704067213180000000,101.81578479601231,125,sell
1704067213190000000,102.15748529565548,150,sell
1704067213200000000,102.2430528785441,35,buy
1704067213210000000,102.05892201270743,59,buy
1704067213220000000,101.6522245470845,31,sell
1704067213230000000,101.56976779486469,50,sell
1704067213240000000,101.48798680043578,91,buy
1704067213250000000,101.97509282392923,37,buy
1704067213260000000,101.48962171994965,769,buy
1704067213270000000,101.94458594191116,521,buy
1704067213280000000,101.93571227601764,26,buy
1704067213290000000,102.20516191023266,103,buy
1704067213300000000,102.02178088663747,539,buy
1704067213310000000,101.36876925152215,50,buy
1704067213320000000,101.69892471439132,203,sell
1704067213330000000,101.73893451250328,469,sell
1704067213340000000,100.90709603949209,147,buy
1704067213350000000,101.32043951710627,304,buy
1704067213360000000,100.62692533920018,26,buy
1704067213370000000,100.46804281370542,58,buy
1704067213380000000,99.65060238064373,94,buy
1704067213390000000,99.3841720298979,87,buy
1704067213400000000,98.9112810209696,284,sell
1704067213410000000,99.45368253448815,139,sell
1704067213420000000,99.95050488954308,108,sell
1704067213430000000,100.35348274164983,13,sell
1704067213440000000,99.61540993999796,84,sell
1704067213450000000,99.28991480255782,30,sell
1704067213460000000,99.42995744458409,47,sell
1704067213470000000,99.0217206288442,63,buy
1704067213480000000,98.5014375699551,189,buy
1704067213490000000,98.36024416055864,98,buy
1704067213500000000,98.44365751066606,451,sell
1704067213510000000,98.25607326713907,215,sell
1704067213520000000,98.9950524286115,69,sell
1704067213530000000,99.23968522997876,23,sell
1704067213540000000,99.43075819545449,82,sell
1704067213550000000,99.02884100817671,280,buy
1704067213560000000,98.41828700758053,42,buy
1704067213570000000,99.08198674049272,61,buy
1704067213580000000,98.61398205219342,48,sell
1704067213590000000,97.89045313984019,114,buy
1704067213600000000,98.55907673445785,58,buy
1704067213610000000,97.67123971396893,57,buy
1704067213620000000,97.36974169586337,88,buy
1704067213630000000,97.84410780083644,98,sell
1704067213640000000,97.61394232565567,163,sell
1704067213650000000,97.94863093325523,96,sell
1704067213660000000,98.07337906486967,385,buy
1704067213670000000,98.27664635563077,82,buy
1704067213680000000,98.12437987544399,16,buy
1704067213690000000,97.61693247101836,70,buy
1704067213700000000,98.09993477439451,55,buy
1704067213710000000,98.31273410965134,164,buy
1704067213720000000,98.87420940928949,149,buy
1704067213730000000,98.55815689001327,136,buy
1704067213740000000,98.4542007895733,206,buy
1704067213750000000,98.42148192604579,181,buy
1704067213760000000,98.86215011955626,301,buy
1704067213770000000,98.75097916417793,187,sell
1704067213780000000,99.55644778127828,108,buy
1704067213790000000,98.98480042387075,302,sell
1704067213800000000,99.22075291076223,159,sell
1704067213810000000,99.20216255905655,170,sell
1704067213820000000,98.58313589193799,53,sell
1704067213830000000,99.33460339386652,40,sell
1704067213840000000,99.25838801072733,76,sell
1704067213850000000,99.82501937381474,259,sell
1704067213860000000,99.38063976482567,88,buy
1704067213870000000,99.36149690183679,60,buy
1704067213880000000,99.23592137886023,57,sell
1704067213890000000,99.13058076161725,338,sell
1704067213900000000,98.92038037198097,22,sell
1704067213910000000,98.80257250727975,30,sell
1704067213920000000,98.40572862765923,35,buy
1704067213930000000,98.73701141802613,55,buy
1704067213940000000,99.63933471603211,172,buy
1704067213950000000,99.12105338211494,56,buy
1704067213960000000,99.3997110247657,23,buy
1704067213970000000,99.93594657171857,210,buy
1704067213980000000,99.79633613754116,158,sell
1704067213990000000,99.97055373385449,390,sell
1704067214000000000,100.11847349021573,1039,sell
1704067214010000000,99.00444404221331,63,sell
1704067214020000000,99.85806104267994,291,sell
1704067214030000000,99.49989726362227,41,buy
1704067214040000000,100.11896054078022,139,sell
1704067214050000000,100.80498728258127,21,sell
1704067214060000000,100.5568892399643,108,sell
1704067214070000000,101.32826053520898,337,sell
1704067214080000000,100.85266650128561,905,buy
1704067214090000000,101.0643955485851,111,buy
1704067214100000000,100.63722798506214,35,buy
1704067214110000000,99.79509629749892,350,sell
1704067214120000000,99.37287661157995,242,sell
1704067214130000000,100.35714047717903,136,sell
1704067214140000000,99.80547062222585,63,sell
1704067214150000000,100.30695608160839,41,sell
1704067214160000000,100.53630845751708,117,buy
1704067214170000000,100.92174002682083,160,buy
1704067214180000000,99.90484226362004,82,buy
1704067214190000000,99.7388797143627,137,buy
1704067214200000000,98.92403182189922,111,sell
1704067214210000000,98.81744302214469,546,sell
1704067214220000000,98.98384753538937,233,sell
1704067214230000000,98.94342984848251,688,sell
1704067214240000000,99.2063024967616,42,sell
1704067214250000000,99.02464820388535,194,buy
1704067214260000000,99.43542944090072,100,buy
1704067214270000000,99.12012528192973,156,buy
1704067214280000000,99.38132846203976,64,buy
1704067214290000000,99.14531984152015,40,buy
1704067214300000000,100.47315824617876,36,buy
1704067214310000000,100.22977404914037,304,buy
1704067214320000000,100.238721609779,63,buy
1704067214330000000,100.47824184011961,140,sell
1704067214340000000,100.29836143398855,15,sell
1704067214350000000,100.39777628571663,55,sell
1704067214360000000,100.09597588919543,132,sell
1704067214370000000,101.04034477431074,60,sell
1704067214380000000,101.1843634005309,53,buy
1704067214390000000,100.03917034262291,205,buy
1704067214400000000,99.98797451449278,81,sell
1704067214410000000,100.81186275976434,128,sell
1704067214420000000,101.93071671425147,91,sell
1704067214430000000,100.37885554688519,220,sell
1704067214440000000,99.98665005881072,26,sell
1704067214450000000,99.48792180607211,307,sell
1704067214460000000,100.13210867893078,185,sell
1704067214470000000,99.88676330454784,162,buy
1704067214480000000,100.71073699633075,188,sell
1704067214490000000,100.30054244552575,37,sell
1704067214500000000,100.3736896462326,132,sell
1704067214510000000,101.14185366480612,150,sell
1704067214520000000,100.65815074034064,52,sell
1704067214530000000,100.21342008873992,201,buy
1704067214540000000,100.62926801841506,103,buy
1704067214550000000,99.75883840454392,369,buy
1704067214560000000,99.8833270571476,200,buy
1704067214570000000,99.83850586850204,197,buy
1704067214580000000,99.98327958793745,60,buy
1704067214590000000,99.47332757989845,456,buy
1704067214600000000,99.24967706703741,115,sell
1704067214610000000,99.72931333747745,85,buy
1704067214620000000,99.55614887199975,244,buy
1704067214630000000,99.68839254042933,60,buy
1704067214640000000,99.26597371960098,462,buy
1704067214650000000,98.54753681279763,1072,sell
1704067214660000000,98.64932994429768,23,sell
1704067214670000000,98.58880507362846,621,sell
1704067214680000000,98.51669956457408,122,sell
1704067214690000000,99.32393364139051,39,sell
1704067214700000000,99.4561386820679,29,buy
1704067214710000000,100.08816748352524,10,buy
1704067214720000000,100.1543688257883,35,buy
1704067214730000000,100.09582035175917,134,buy
1704067214740000000,100.59044909555527,45,buy
1704067214750000000,100.83371583817083,37,buy
1704067214760000000,100.63936764564032,45,sell
1704067214770000000,101.24627854882324,78,sell
1704067214780000000,101.73250124214444,61,sell
1704067214790000000,101.44973039495207,51,sell
1704067214800000000,101.00066353894773,291,buy
1704067214810000000,101.68140304728618,338,buy
1704067214820000000,101.06509013487731,10,sell
1704067214830000000,100.83362792651594,96,sell
1704067214840000000,100.16940720532953,100,sell
1704067214850000000,100.66143406566339,15,buy
1704067214860000000,101.43184230437294,69,buy
1704067214870000000,100.93059945425384,73,buy
1704067214880000000,100.69586386933035,178,buy
1704067214890000000,100.60088209809585,54,buy
1704067214900000000,100.66374097663416,31,buy
1704067214910000000,100.79904098064976,449,buy
1704067214920000000,99.51062014750858,72,sell
1704067214930000000,99.29340703462385,65,sell
1704067214940000000,99.01273901328435,20,buy
1704067214950000000,99.61097490574848,68,buy
1704067214960000000,99.75726533235348,143,buy
1704067214970000000,99.77021700357419,85,sell
1704067214980000000,100.3869541692162,34,buy
1704067214990000000,100.19926047654764,70,buy
1704067215000000000,100.11338569110514,73,buy
1704067215010000000,99.85313558276451,90,buy
1704067215020000000,99.20400399032562,436,buy
1704067215030000000,100.18956966116713,218,buy
1704067215040000000,99.68881669971775,317,buy
1704067215050000000,99.47964579733778,11,buy
1704067215060000000,98.88160125746757,75,buy
1704067215070000000,99.19246322643666,141,buy
1704067215080000000,98.41889609984509,60,buy
1704067215090000000,99.1268618481088,49,buy
1704067215100000000,99.22445140951608,150,buy
1704067215110000000,99.39090350262248,73,sell
1704067215120000000,99.13913605067397,86,buy
1704067215130000000,99.28729506003626,183,buy
1704067215140000000,99.25794139149174,1489,buy
1704067215150000000,98.87770706527071,85,sell
1704067215160000000,98.91475919362544,203,sell
1704067215170000000,99.03318933825832,256,sell
1704067215180000000,98.96098827411491,331,sell
1704067215190000000,99.22511845823017,60,sell
1704067215200000000,98.71454658643383,170,sell
1704067215210000000,98.83622214481053,141,sell
1704067215220000000,99.07678224837234,67,sell
1704067215230000000,99.30537459642305,78,sell
1704067215240000000,100.04124041612123,111,buy
1704067215250000000,99.25471199217775,38,buy
1704067215260000000,99.29735560891152,116,buy
1704067215270000000,98.41611288536465,115,sell
1704067215280000000,98.22045668000871,39,buy
1704067215290000000,98.46270991058745,71,sell
1704067215300000000,98.64269027536312,223,sell
1704067215310000000,98.87636196637311,32,sell
1704067215320000000,99.81302965450307,309,sell
1704067215330000000,99.77832272245239,286,sell
1704067215340000000,99.63457262938414,127,buy
1704067215350000000,100.06100173862717,200,buy
1704067215360000000,99.10254520688713,127,buy
1704067215370000000,98.61278443272995,37,sell
1704067215380000000,97.96397806822702,51,sell
1704067215390000000,97.14977109814386,82,sell
1704067215400000000,96.77297994756418,229,sell
1704067215410000000,97.67396966550373,37,sell
1704067215420000000,98.060456182966,361,buy
1704067215430000000,99.01666302817057,26,buy
1704067215440000000,99.04405892136558,119,buy
1704067215450000000,99.74576687337853,227,buy
1704067215460000000,99.58813011635436,87,buy
1704067215470000000,99.40797657032766,147,buy
1704067215480000000,99.18356480158205,10,buy
1704067215490000000,98.94690735707107,134,buy
1704067215500000000,98.48556319157512,38,buy
1704067215510000000,98.85995162136282,15,sell
1704067215520000000,99.69207860546942,47,buy
1704067215530000000,99.80414352322228,688,buy
1704067215540000000,98.93358646428545,216,sell
1704067215550000000,98.65510280110051,289,sell
1704067215560000000,98.56518583038866,279,sell
1704067215570000000,99.04119175623671,55,sell
1704067215580000000,99.35036434580995,187,sell
1704067215590000000,98.38285827762648,393,sell
1704067215600000000,98.62884570567934,102,sell
1704067215610000000,98.43229056989368,25,sell
1704067215620000000,97.63963653304185,68,buy
1704067215630000000,96.83264236665626,96,sell
1704067215640000000,96.59870423042702,304,sell
1704067215650000000,97.13677920961224,15,sell
1704067215660000000,97.74314975704326,104,sell
1704067215670000000,98.14449398063962,76,buy
1704067215680000000,99.27184774517197,147,buy
1704067215690000000,99.07875797920869,103,buy
1704067215700000000,99.11323003199155,147,buy
1704067215710000000,98.65883387071518,94,buy
1704067215720000000,98.53436477476919,50,buy
1704067215730000000,97.47591379714127,63,sell
1704067215740000000,98.16735236417448,107,sell
1704067215750000000,98.04074967704072,31,buy
1704067215760000000,98.03796684639738,204,buy
1704067215770000000,98.30554050020383,150,buy
1704067215780000000,98.17136283257535,40,buy
1704067215790000000,98.76696486945802,127,buy
1704067215800000000,99.05594122226387,126,buy
1704067215810000000,99.66188093154369,123,sell
1704067215820000000,100.36311563101869,13,sell
1704067215830000000,100.265679329621,437,sell
1704067215840000000,100.77346638382467,563,sell
1704067215850000000,100.36404406764083,37,sell
1704067215860000000,100.71061286082127,54,sell
1704067215870000000,100.77254790218385,328,sell
1704067215880000000,100.66091951202111,468,sell
1704067215890000000,101.27443956566546,51,sell
1704067215900000000,100.65315660581311,168,sell
1704067215910000000,100.7626198538132,127,sell
1704067215920000000,101.21474188920769,50,buy
1704067215930000000,100.1951010884954,363,buy
1704067215940000000,100.65701294297006,48,sell
1704067215950000000,101.20149541461616,92,buy
1704067215960000000,101.23900622123442,22,buy
1704067215970000000,101.3634809726773,59,sell
1704067215980000000,101.12094919624771,165,sell
1704067215990000000,100.56772554166088,545,sell
1704067216000000000,99.87257392117398,118,sell
1704067216010000000,100.46463454774407,186,sell
1704067216020000000,100.46166573570719,188,sell
1704067216030000000,99.83445411138432,175,sell
1704067216040000000,100.22232896569116,62,sell
1704067216050000000,100.61928371191273,56,sell
1704067216060000000,100.12887960415705,10,sell
1704067216070000000,100.53413791314662,118,sell
1704067216080000000,99.90271093254769,93,sell
1704067216090000000,100.06927498265287,181,sell
1704067216100000000,100.45138628670195,349,buy
1704067216110000000,100.14793221687282,73,sell
1704067216120000000,100.23683786534366,253,sell
1704067216130000000,99.6093700417645,52,sell
1704067216140000000,99.37472684536418,57,sell
1704067216150000000,99.65030817107491,23,sell
1704067216160000000,99.05868881672482,94,sell
1704067216170000000,99.58648134834979,237,sell
1704067216180000000,99.39689880280396,83,buy
1704067216190000000,98.97879691243045,189,buy
1704067216200000000,99.21304648404936,117,sell
1704067216210000000,99.63901389618097,77,sell
1704067216220000000,99.67354901879558,228,buy
1704067216230000000,99.1135335080966,43,buy
1704067216240000000,98.92145514541185,147,buy
1704067216250000000,98.93494741798425,106,buy
1704067216260000000,98.47593223680794,250,buy
1704067216270000000,98.39079192658924,84,buy
1704067216280000000,99.53649855345101,49,buy
1704067216290000000,98.88857140462073,156,buy
1704067216300000000,99.45491227917417,245,sell
1704067216310000000,99.76115623977948,399,sell
1704067216320000000,99.23925884986018,96,sell
1704067216330000000,99.42516022616626,149,sell
1704067216340000000,100.24305219192577,585,sell
1704067216350000000,99.30839188863978,159,sell
1704067216360000000,99.43387770667417,479,sell
1704067216370000000,99.43882563170924,433,sell
1704067216380000000,99.61383748165815,457,sell
1704067216390000000,100.08508548146602,76,sell
1704067216400000000,100.80019574124906,49,sell
1704067216410000000,100.47888943565724,162,buy
1704067216420000000,101.24703997572746,19,buy
1704067216430000000,101.49071987957296,180,sell
1704067216440000000,101.79162202582627,24,buy
1704067216450000000,101.58931333606468,133,sell
1704067216460000000,101.1349127193383,74,sell
1704067216470000000,100.79374900051984,71,sell
1704067216480000000,100.1298290834237,42,sell
1704067216490000000,99.96435745080387,114,buy
1704067216500000000,100.0743250842662,605,buy
1704067216510000000,100.68539882587243,117,buy
1704067216520000000,101.13086836483488,472,buy
1704067216530000000,101.70551398644368,126,buy
1704067216540000000,101.8070611091631,40,buy
1704067216550000000,102.29787918053083,104,buy
1704067216560000000,102.28342200105794,29,buy
1704067216570000000,102.91400330007548,330,buy
1704067216580000000,102.05775977174197,121,sell
1704067216590000000,101.51047873572294,100,buy
1704067216600000000,101.38989771764169,223,buy
1704067216610000000,101.08983545786552,56,sell
1704067216620000000,101.01487618440355,227,sell
1704067216630000000,100.7860833223957,113,sell
1704067216640000000,100.47841675325326,129,sell
1704067216650000000,100.76788397081246,163,sell
1704067216660000000,100.38476460770114,126,buy
1704067216670000000,100.19415140802076,90,buy
1704067216680000000,100.36627748448414,94,buy
1704067216690000000,99.58175811436833,158,sell
1704067216700000000,98.60936063912666,101,sell
1704067216710000000,99.6517602500816,39,buy
1704067216720000000,98.99347596231893,97,buy
1704067216730000000,99.23931664337857,34,buy
1704067216740000000,99.33346612843799,903,buy
1704067216750000000,98.84218281770701,405,sell
1704067216760000000,99.07115412564016,615,sell
1704067216770000000,98.85068954163687,69,buy
1704067216780000000,99.32623725458647,135,buy
1704067216790000000,99.66932368677513,61,buy
1704067216800000000,100.03558042678664,509,buy
1704067216810000000,99.3713793550929,67,sell
1704067216820000000,99.7881704882643,118,sell
1704067216830000000,99.22096339641595,136,sell
1704067216840000000,100.03026335850618,454,sell
1704067216850000000,99.69158313379468,231,sell
1704067216860000000,98.99700914477232,101,sell
1704067216870000000,98.46105881871706,554,sell
1704067216880000000,99.08790978268924,122,sell
1704067216890000000,99.41609208341815,340,buy
1704067216900000000,99.54364359479756,33,buy
1704067216910000000,100.23816264077372,658,buy
1704067216920000000,100.49623755739964,102,buy
1704067216930000000,100.4094837760008,187,buy
1704067216940000000,100.05904969575364,51,buy
1704067216950000000,99.79973577226419,34,sell
1704067216960000000,101.01039080793103,122,sell
1704067216970000000,100.9322123177231,169,sell
1704067216980000000,101.36183712161211,37,buy
1704067216990000000,100.18884686664032,108,sell
1704067217000000000,100.2719433652735,12,sell
1704067217010000000,100.19661352213312,47,sell
1704067217020000000,99.6562845058016,66,sell
1704067217030000000,99.14009600842618,14,sell
1704067217040000000,98.82982375965942,175,sell
1704067217050000000,99.33357755133085,859,sell
1704067217060000000,99.39269141505576,266,sell
1704067217070000000,99.18643261470172,38,sell
1704067217080000000,98.8305020241294,99,sell
1704067217090000000,99.23610581081738,117,sell
1704067217100000000,99.03775614163271,121,sell
1704067217110000000,99.73321963343024,106,sell
1704067217120000000,99.15210232680548,83,buy
1704067217130000000,99.36746845541816,56,buy
1704067217140000000,98.83801294248458,198,buy
1704067217150000000,98.75996847664851,418,buy
1704067217160000000,99.2020252849698,56,buy
1704067217170000000,99.82501578632233,30,buy
1704067217180000000,99.26994962966914,303,sell
1704067217190000000,99.19235620679558,104,buy
1704067217200000000,100.65699189763055,24,buy
1704067217210000000,100.53422193542019,55,sell
1704067217220000000,100.37075530959795,480,buy
1704067217230000000,99.89527790016236,93,buy
1704067217240000000,100.14326932410029,225,buy
1704067217250000000,99.75584536131845,19,buy
1704067217260000000,99.08664655220454,46,buy
1704067217270000000,99.96516269223,385,buy
1704067217280000000,100.66029841334591,92,sell
1704067217290000000,99.89247613937226,228,sell
1704067217300000000,100.0638686934192,275,sell
1704067217310000000,99.58785942393469,96,sell
1704067217320000000,99.54830872647865,116,sell
1704067217330000000,99.92759929303784,53,sell
1704067217340000000,100.39450775762326,12,sell
1704067217350000000,100.17162836585027,351,sell
1704067217360000000,100.44566126827807,602,sell
1704067217370000000,100.01412214140477,52,buy
1704067217380000000,100.69400468682456,667,buy
1704067217390000000,100.52650162992397,232,buy
1704067217400000000,101.02352015331284,12,sell
1704067217410000000,100.52391298018836,28,sell
1704067217420000000,100.18170030523584,10,sell
1704067217430000000,101.33366605681083,199,sell
1704067217440000000,101.79340970264454,61,sell
1704067217450000000,101.26807149885595,78,sell
1704067217460000000,100.90443639504652,67,sell
1704067217470000000,100.13255792577468,103,sell
1704067217480000000,100.21756560499367,185,sell
1704067217490000000,99.92025839241963,324,sell
1704067217500000000,101.49356848401185,52,buy
1704067217510000000,101.11500729667202,33,buy
1704067217520000000,100.31186304612353,162,sell
1704067217530000000,100.56555796879604,79,sell
1704067217540000000,101.0128362941586,117,sell
1704067217550000000,100.9975017841186,264,sell
1704067217560000000,101.21475135557051,54,sell
1704067217570000000,101.1921252192099,11,sell
1704067217580000000,101.1847890016855,73,sell
1704067217590000000,100.55809051325537,1652,sell
1704067217600000000,99.98950714252139,94,buy
1704067217610000000,100.60595107274838,48,buy
1704067217620000000,100.34489288563057,84,buy
1704067217630000000,100.47458592643082,213,sell
1704067217640000000,100.19962427776169,40,buy
1704067217650000000,99.73679860865894,1700,buy
1704067217660000000,99.477238732965,41,sell
1704067217670000000,99.59049876114766,46,sell
1704067217680000000,100.15444143232058,670,sell
1704067217690000000,100.58177098773983,182,sell
1704067217700000000,101.38470728637908,726,buy
1704067217710000000,100.67391850115386,528,buy
1704067217720000000,100.3914068065493,226,buy
1704067217730000000,100.09909504782355,19,buy
1704067217740000000,100.63984675829164,60,buy
1704067217750000000,101.06051321918754,35,buy
1704067217760000000,100.95984059798393,65,buy
1704067217770000000,100.71993959923016,40,buy
1704067217780000000,100.94354198545334,45,buy
1704067217790000000,101.95046503823944,409,buy
1704067217800000000,101.3844467761015,257,buy
1704067217810000000,101.50030983052943,22,buy
1704067217820000000,101.73687287726592,159,buy
1704067217830000000,102.0964703372262,19,buy
1704067217840000000,101.86376977459513,128,buy
1704067217850000000,101.94226215303274,39,buy
1704067217860000000,101.39699515369087,68,sell
1704067217870000000,101.77040797277472,31,sell
1704067217880000000,102.34789670903582,205,sell
1704067217890000000,101.1054024744402,52,buy
1704067217900000000,101.68536025269735,80,buy
1704067217910000000,102.5457801617638,37,buy
1704067217920000000,102.4349945172247,65,buy
1704067217930000000,103.09333307451986,134,sell
1704067217940000000,102.90119227333457,61,buy
1704067217950000000,102.28857605192351,14,buy
1704067217960000000,101.99667008409625,209,buy
1704067217970000000,101.95159538840196,196,buy
1704067217980000000,102.13874055448166,64,sell
1704067217990000000,101.84072412660859,224,sell
1704067218000000000,102.01582999443356,67,sell
1704067218010000000,101.66576266071452,31,sell
1704067218020000000,102.31540160933987,156,buy
1704067218030000000,101.8124850961791,344,buy
1704067218040000000,100.55088646850389,142,sell
1704067218050000000,100.25406675905336,235,sell
1704067218060000000,100.1377154442199,68,sell
1704067218070000000,99.21612836323483,90,sell
1704067218080000000,99.96069852655205,380,buy
1704067218090000000,100.21834384877067,249,buy
1704067218100000000,100.56094347521812,260,buy
1704067218110000000,100.62336679231343,64,buy
1704067218120000000,101.62996620211352,87,sell
1704067218130000000,101.02513318392033,134,sell
1704067218140000000,100.86349536715504,33,buy
1704067218150000000,100.7762447287635,17,buy
1704067218160000000,101.2600352350825,239,buy
1704067218170000000,101.0158633328211,26,buy
1704067218180000000,100.31383831879032,86,buy
1704067218190000000,100.7521096858407,233,buy
1704067218200000000,100.50648501992585,61,buy
1704067218210000000,100.50052842870541,60,sell
1704067218220000000,100.44735371573074,261,sell
1704067218230000000,100.18312032657228,248,sell
1704067218240000000,100.49176391066912,496,buy
1704067218250000000,101.21847747637675,86,buy
1704067218260000000,100.59299164133262,14,buy
1704067218270000000,99.64498242173708,111,sell
1704067218280000000,100.15839934656812,105,sell
1704067218290000000,99.804493684389,31,buy
1704067218300000000,98.887347777458,147,sell
1704067218310000000,99.22523379204313,30,sell
1704067218320000000,99.23996971466369,589,sell
1704067218330000000,99.47637888518364,57,sell
1704067218340000000,99.13797993339779,10,sell
1704067218350000000,99.57939268056856,188,sell
1704067218360000000,99.74458778507861,219,sell
1704067218370000000,99.81653068711913,43,buy
1704067218380000000,99.2941151174262,27,buy
1704067218390000000,100.53391387454221,625,buy
1704067218400000000,100.42785176321141,1083,sell
1704067218410000000,99.80633345902348,253,buy
1704067218420000000,99.03068195136449,81,buy
1704067218430000000,98.9701030695103,60,buy
1704067218440000000,99.38582946334553,142,sell
1704067218450000000,99.43038627992847,178,sell
1704067218460000000,99.58533964056193,79,buy
1704067218470000000,99.45817738310735,64,buy
1704067218480000000,99.71565481881916,61,buy
1704067218490000000,100.03071419957782,28,buy
1704067218500000000,99.68366117291123,104,buy
1704067218510000000,99.5018720903091,135,buy
1704067218520000000,100.01020169315021,154,buy
1704067218530000000,100.40881872470747,59,buy
1704067218540000000,101.50832956670756,288,buy
1704067218550000000,101.34127109636823,128,buy
1704067218560000000,101.27719116457939,269,buy
1704067218570000000,100.18028326453015,96,buy
1704067218580000000,100.09141032872574,99,sell
1704067218590000000,99.63729945361668,230,sell
1704067218600000000,99.3266883675508,68,buy
1704067218610000000,98.79067017977926,85,sell
1704067218620000000,99.18208359078791,86,sell
1704067218630000000,100.04172676691621,83,sell
1704067218640000000,100.1464965311509,79,sell
1704067218650000000,99.75984221146118,61,buy
1704067218660000000,99.60209837968247,923,buy
1704067218670000000,99.24156613906256,412,buy
1704067218680000000,99.59934726691624,64,buy
1704067218690000000,99.16637498257799,79,sell
1704067218700000000,98.82383169840448,502,sell
1704067218710000000,99.08052182804958,307,sell
1704067218720000000,100.38421793889567,155,buy
1704067218730000000,100.39749879527197,122,buy
1704067218740000000,100.41219526548741,82,buy
1704067218750000000,100.75301379075744,102,buy
1704067218760000000,100.82386799034253,87,buy
1704067218770000000,100.7644312904868,57,buy
1704067218780000000,100.57157452586647,595,buy
1704067218790000000,101.17201602254505,207,buy
1704067218800000000,101.36320562764571,193,buy
1704067218810000000,100.8611487026506,25,buy
1704067218820000000,100.90211228172504,241,sell
1704067218830000000,101.14695417661531,12,sell
1704067218840000000,101.0071787299772,30,buy
1704067218850000000,100.89189481317585,222,buy
1704067218860000000,100.47975542063386,215,sell
1704067218870000000,100.58476476620022,12,sell
1704067218880000000,100.03766116101863,224,sell
1704067218890000000,99.27633149407204,410,sell
1704067218900000000,99.13699088757295,40,sell
1704067218910000000,98.25965707864124,217,buy
1704067218920000000,98.54359437319174,109,sell
1704067218930000000,98.36408987411284,129,sell
1704067218940000000,99.06923922375097,129,sell
1704067218950000000,99.34178830267352,78,sell
1704067218960000000,100.05052277133935,645,sell
1704067218970000000,100.2990655017874,349,sell
1704067218980000000,99.5600354491425,568,buy
1704067218990000000,99.94658002450358,110,buy
1704067219000000000,100.73040067642962,88,sell
1704067219010000000,101.22282696813491,153,sell
1704067219020000000,101.88174052631814,300,sell
1704067219030000000,101.50205530001287,128,sell
1704067219040000000,101.38825812709692,108,sell
1704067219050000000,101.63111429370932,110,sell
1704067219060000000,101.33212293555307,202,sell
1704067219070000000,100.48142203728344,110,buy
1704067219080000000,100.29559862081534,63,buy
1704067219090000000,100.13370408581257,59,buy
1704067219100000000,99.35101807293707,62,sell
1704067219110000000,98.9149332876504,25,sell
1704067219120000000,99.59671245387644,42,buy
1704067219130000000,98.83031445585,606,buy
1704067219140000000,98.67838635728683,173,buy
1704067219150000000,99.42394338498977,184,buy
1704067219160000000,99.10080655585132,70,buy
1704067219170000000,99.64676244030997,13,buy
1704067219180000000,99.47767424195045,177,sell
1704067219190000000,99.70754236978775,152,sell
1704067219200000000,98.9065105494992,169,buy
1704067219210000000,99.14898396087037,125,buy
1704067219220000000,99.09563578573359,26,buy
1704067219230000000,99.75868818832603,555,buy
1704067219240000000,99.83448071954187,410,sell
1704067219250000000,99.44394043014324,471,sell
1704067219260000000,98.58621982621024,15,sell
1704067219270000000,98.4165567098108,164,sell
1704067219280000000,98.4816534279767,291,sell
1704067219290000000,98.95102580606137,181,sell
1704067219300000000,98.43124423726086,99,sell
1704067219310000000,98.53374721977832,179,sell
1704067219320000000,98.88762647803168,211,sell
1704067219330000000,99.22832864802741,187,sell
1704067219340000000,99.6033925870054,34,sell
1704067219350000000,99.97295125284354,457,sell
1704067219360000000,100.3986712909508,436,sell
1704067219370000000,100.14821240279622,193,sell
1704067219380000000,99.46866465329856,203,sell
1704067219390000000,100.07792738283229,29,sell
1704067219400000000,100.18161620616388,88,sell
1704067219410000000,100.19365463539592,26,sell
1704067219420000000,99.57934505785596,1616,sell
1704067219430000000,99.6505845992919,151,buy
1704067219440000000,98.92106098688917,228,buy
1704067219450000000,98.33445197980357,92,sell
1704067219460000000,98.14472297928259,10,buy
1704067219470000000,98.0157355923626,37,buy
1704067219480000000,97.93078381459901,29,buy
1704067219490000000,96.60127923511739,123,buy
1704067219500000000,96.85983899566249,57,buy
1704067219510000000,96.4369411005867,336,buy
1704067219520000000,96.848739190952,52,buy
1704067219530000000,97.37822074429464,124,buy
1704067219540000000,97.81200535623832,47,buy
1704067219550000000,97.66218831307917,321,sell
1704067219560000000,98.26790256715564,201,sell
1704067219570000000,98.78226712249615,39,sell
1704067219580000000,99.0655629922951,97,sell
1704067219590000000,99.10130458111928,47,sell
1704067219600000000,99.67642918448972,414,sell
1704067219610000000,99.62784273786227,50,sell
1704067219620000000,99.68033137721538,224,buy
1704067219630000000,99.67917399433922,133,sell
1704067219640000000,99.85820098284329,55,sell
1704067219650000000,99.91263447601958,493,sell
1704067219660000000,99.73462416858551,81,sell
1704067219670000000,98.44797255774355,26,sell
1704067219680000000,98.38548184091907,106,buy
1704067219690000000,99.14338714166996,53,buy
1704067219700000000,98.03459465560657,680,buy
1704067219710000000,97.54902337785445,226,buy
1704067219720000000,97.58847785276397,336,buy
1704067219730000000,97.12520713202682,24,buy
1704067219740000000,97.35053158103337,505,buy
1704067219750000000,98.38081765464518,78,sell
1704067219760000000,98.6193260155125,41,sell
1704067219770000000,98.92997076769004,186,buy
1704067219780000000,98.52399189160327,70,buy
1704067219790000000,98.242432576741,59,sell
1704067219800000000,98.48496684830764,339,sell
1704067219810000000,98.54475932121477,21,buy
1704067219820000000,98.91745525655988,54,sell
1704067219830000000,99.35096281752016,151,buy
1704067219840000000,99.04635533707497,174,buy
1704067219850000000,98.83055061526717,22,buy
1704067219860000000,99.50835285434209,198,buy
1704067219870000000,99.456120535109,173,buy
1704067219880000000,100.1622236971386,37,buy
1704067219890000000,100.37978697664278,12,buy
1704067219900000000,99.81630832979377,30,buy
1704067219910000000,100.15779892669882,255,buy
1704067219920000000,100.75680680087497,89,buy
1704067219930000000,101.53005400464006,44,buy
1704067219940000000,101.13231425500888,242,buy
1704067219950000000,101.74652959477223,57,buy
1704067219960000000,101.53862578358778,271,buy
1704067219970000000,101.78002382481469,106,buy
1704067219980000000,101.07680994690772,19,buy
1704067219990000000,101.16876690141443,205,buy
1704067220000000000,101.06773301954136,120,buy
1704067220010000000,100.70710005472883,167,sell
1704067220020000000,100.63676454616665,68,sell
1704067220030000000,100.36400270338838,42,buy
1704067220040000000,99.99826729466263,265,buy
1704067220050000000,100.13831241553694,158,buy
1704067220060000000,100.94767455895118,79,buy
1704067220070000000,100.63395637048104,120,sell
1704067220080000000,101.18920727943978,50,buy
1704067220090000000,101.19106226000154,137,buy
1704067220100000000,101.63824795811162,272,buy
1704067220110000000,100.74606560010257,1462,buy
1704067220120000000,100.57631945607545,109,buy
1704067220130000000,100.42385884601441,261,buy
1704067220140000000,100.81472946060607,201,sell
1704067220150000000,100.82508859416268,151,sell
1704067220160000000,101.25456137563343,70,sell
1704067220170000000,100.74697545728435,46,sell
1704067220180000000,100.88502198662908,64,buy
1704067220190000000,101.7735991227849,89,sell
1704067220200000000,102.44113217561146,65,sell
1704067220210000000,102.94501663701278,29,sell
1704067220220000000,102.28486908076833,188,sell
1704067220230000000,102.53227891050699,38,sell
1704067220240000000,103.32094651759505,263,sell
1704067220250000000,102.82793082651199,66,sell
1704067220260000000,101.11812509997074,28,sell
1704067220270000000,101.83649667412445,33,buy
1704067220280000000,102.37452490740857,109,buy
1704067220290000000,101.27316479819773,100,sell
1704067220300000000,101.64909672206902,31,sell
1704067220310000000,101.28840793339117,56,sell
1704067220320000000,101.19241708188099,189,buy
1704067220330000000,101.76842490598621,137,buy
1704067220340000000,100.69305952295461,66,sell
1704067220350000000,101.2184126099614,384,sell
1704067220360000000,100.42599538362089,11,sell
1704067220370000000,99.84797033196197,35,sell
1704067220380000000,99.38438228932267,40,sell
1704067220390000000,99.17753739070487,321,buy
1704067220400000000,99.89900308441396,210,buy
1704067220410000000,99.64101351461522,1168,buy
1704067220420000000,99.841482867913,173,buy
1704067220430000000,100.00129555980834,97,buy
1704067220440000000,99.8013395732579,872,buy
1704067220450000000,99.74805206898408,38,buy
1704067220460000000,99.77349919082906,47,sell
1704067220470000000,100.9722665518109,25,sell
1704067220480000000,100.47884649261897,211,sell
1704067220490000000,99.55831672031348,113,buy
1704067220500000000,100.03707406334081,88,buy
1704067220510000000,100.20549346409702,111,buy
1704067220520000000,100.42515464172168,104,buy
1704067220530000000,100.06421779323706,20,buy
1704067220540000000,99.82171304115475,429,sell
1704067220550000000,100.1121055143566,53,sell
1704067220560000000,99.87288134788517,159,sell
1704067220570000000,99.20301332717476,49,sell
1704067220580000000,99.2107479867623,63,sell
1704067220590000000,99.10103104263656,72,sell
1704067220600000000,99.47373538471041,109,sell
1704067220610000000,98.90807421525423,261,sell
1704067220620000000,98.13675195456148,60,sell
1704067220630000000,98.59052572030718,66,buy
1704067220640000000,98.72133918831825,62,buy
1704067220650000000,97.71724819508881,49,buy
1704067220660000000,97.84944546963109,146,buy
1704067220670000000,98.51715451961387,378,sell
1704067220680000000,98.70763860762767,154,buy
1704067220690000000,98.54039210376811,83,buy
1704067220700000000,98.74501936922555,583,buy
1704067220710000000,98.0874813666331,50,buy
1704067220720000000,98.63185406869582,113,buy
1704067220730000000,98.07295203134926,460,buy
1704067220740000000,98.2455709095712,28,sell
1704067220750000000,98.84968428506394,82,sell
1704067220760000000,98.88723587962045,153,sell
1704067220770000000,100.43349208492305,135,buy
1704067220780000000,99.58568801113285,67,buy
1704067220790000000,99.5086009865273,534,sell
1704067220800000000,101.10134952230636,63,sell
1704067220810000000,101.19002965207933,49,sell
1704067220820000000,101.64704428428746,85,sell
1704067220830000000,101.42537847010655,33,sell
1704067220840000000,101.83432856480519,19,sell
1704067220850000000,101.17326753586292,221,sell
1704067220860000000,99.86637793392686,106,buy
1704067220870000000,99.777029190659,63,sell
1704067220880000000,99.81963217050047,287,sell
1704067220890000000,99.53775573621749,118,buy
1704067220900000000,99.26333579049566,76,sell
1704067220910000000,98.44622642975034,44,sell
1704067220920000000,98.05245081316082,71,sell
1704067220930000000,98.58079374298991,79,sell
1704067220940000000,98.10943594037461,257,sell
1704067220950000000,97.56975420578597,54,sell
1704067220960000000,98.1794530785432,125,sell
1704067220970000000,97.42016063882997,86,sell
1704067220980000000,97.82144034341059,54,buy
1704067220990000000,97.56576230723599,133,sell
1704067221000000000,96.69222604467592,141,sell
1704067221010000000,97.559460844053,54,sell
1704067221020000000,97.66453231544423,62,buy
1704067221030000000,97.81542683345619,45,buy
1704067221040000000,97.68633235595723,288,sell
1704067221050000000,97.23240012084021,407,sell
1704067221060000000,96.70153738382649,74,sell
1704067221070000000,97.07591714885992,204,sell
1704067221080000000,97.71068424537013,46,sell
1704067221090000000,97.24067906160234,77,sell
1704067221100000000,96.38715915189292,214,sell
1704067221110000000,96.04318146473534,61,sell
1704067221120000000,96.68702912226387,70,buy
1704067221130000000,97.53745305173305,37,buy
1704067221140000000,97.80259223381265,64,buy
1704067221150000000,99.06691954891168,171,buy
1704067221160000000,99.08727695971317,173,buy
1704067221170000000,99.06654017455912,55,sell
1704067221180000000,99.99183588042882,33,sell
1704067221190000000,100.04224594090525,185,sell
1704067221200000000,99.91740053392948,17,sell
1704067221210000000,100.46696688276445,241,sell
1704067221220000000,100.74142500669005,474,sell
1704067221230000000,100.74489712806341,293,sell
1704067221240000000,99.79754296772025,168,sell
1704067221250000000,99.94216255638209,132,sell
1704067221260000000,99.46506921188548,72,sell
1704067221270000000,99.46938449362993,57,buy
1704067221280000000,100.35702266151219,78,buy
1704067221290000000,101.00104379425339,29,buy
1704067221300000000,100.24441115466873,15,buy
1704067221310000000,100.06648997204117,45,buy
1704067221320000000,100.28061177738486,82,sell
1704067221330000000,99.70898647302583,44,sell
1704067221340000000,99.82400186530512,83,buy
1704067221350000000,100.19327892515773,121,buy
1704067221360000000,100.11795788619014,462,buy
1704067221370000000,101.21495884374168,81,buy
1704067221380000000,101.10288152908743,91,buy
1704067221390000000,101.29997904540969,37,buy
1704067221400000000,101.30960615369146,101,sell
1704067221410000000,101.12927644629458,182,sell
1704067221420000000,101.26370211240014,202,buy
1704067221430000000,101.28780294585913,89,buy
1704067221440000000,101.27758937047834,77,buy
1704067221450000000,101.20137969615683,50,buy
1704067221460000000,101.87674118355258,108,buy
1704067221470000000,101.94557586533945,275,buy
1704067221480000000,101.24374599819124,249,buy
1704067221490000000,100.9835195893294,154,buy
1704067221500000000,101.08892048243987,134,sell
1704067221510000000,100.64606901383495,112,sell
1704067221520000000,100.49907122856494,33,buy
1704067221530000000,99.50511943430749,315,buy
1704067221540000000,99.52107086476467,204,buy
1704067221550000000,98.9762329958882,25,buy
1704067221560000000,100.14083168466232,79,sell
1704067221570000000,100.60781954156606,44,buy
1704067221580000000,101.79119854727962,747,buy
1704067221590000000,101.55817272810116,27,buy
